3200 5225
492 643 500 650 ἢ
563 519 850 618 ,-’-··-·-··-““
1087 523 1090 532 ’
1151 548 1230 628 263

153 706 320 797 reputet,
351 694 402 770 uti
419 692 527 778 nimis
546 694 701 770 calidum
721 695 826 769 estin
846 694 1003 794 antiquis
1017 697 1124 776 rebus
1134 695 1232 800 quic.

153 815 247 910 quid
284 809 557 912 occurrat,2vel
581 807 758 884 affirmare
782 810 976 906 praefraiie
1001 819 1060 892 vel
1082 841 1229 912 negare,

153 929 204 1005 ita
243 926 365 1022 quiuis
383 920 597 999 amonemur
627 924 686 998 vel
713 917 873 998 timidior'
910 926 1043 1003 caulius
1073 931 1233 1027 plerum·

155 1067 229 1140 que
247 1041 386 1122 videbit
409 1038 595 1140 dubitandi
623 1037 756 1111 multas
780 1061 823 1112 ac
850 1059 1001 1134 graues,
1029 1041 1231 1124 affirmandi

153 1158 215 1231 uel
235 1155 399 1247 negandi
421 1153 538 1226 nullas
554 1151 639 1226 satis
661 1152 822 1228 idoneas.
869 1153 1054 1232 Ceterum
1081 1157 1128 1233 de
1152 1159 1228 1236 Ae·
1284 1207 1285 1212 Ν

156 1271 262 1366 gypti
284 1268 467 1342 fertilitate
487 1265 663 1362 postilla,
694 1289 786 1363 quae
803 1264 1029 1366 scripseram,
1060 1285 1227 1352 accurate
1356 1360 1359 1369 ,

156 1384 266 1480 egilie
284 1383 359 1459 vidi
382 1376 614 1475 d'Orignium
629 1372 681 1478 i).
1006 1401 1008 1408 ’
1210 1417 1213 1424 ’

272 1610 379 1698 Quod
403 1611 449 1685 a'd
466 1609 709 1706 frugalitatem
732 1632 776 1684 ac
791 1609 906 1686 vitius
929 1611 1149 1714 vestitusque
1170 1625 1227 1692 te·-

157 1728 333 1806 uuitatem
352 1724 450 1800 'inter
476 1726 657 1810 Graecos,
698 1724 935 1824 inprimisque
966 1724 1224 1817 Athenienses,

159 1844 313 1922 attinet}
340 1863 413 1914 non
436 1839 586 1937 ignoro,
617 1859 710 1934 quae
736 1839 847 1914 altera
875 1865 921 1915 ex
946 1853 1046 1936 parte
1071 1845 1118 1917 de
1137 1846 1225 1920 luxu

160 1978 285 2032 eorum
300 1955 429 2029 tradita
446 1952 515 2029 srnt
531 1965 570 2027 et
590 1952 683 2027 tradi
701 1951 838 2049 poffint.
910 1955 1046 2033 Verum
1071 1946 1225 2053 diligen·

161 2084 214 2146 ter
242 2072 280 2145 in
312 2069 373 2144 his
396 2067 659 2172 attendendum
688 2067 738 2141 est
768 2069 814 2143 ad
847 2081 1039 2168 tempora,
1076 2085 1155 2148 tum
1178 2073 1225 2148 ad
1286 2135 1291 2144 Α

163 2186 267 2285 ipsius
282 2185 388 2261 luxus
408 2205 543 2278 genera
567 2196 605 2257 et
620 2181 764 2258 modus.

269 2414 325 2488 Ea
349 2411 447 2486 enim
478 2420 629 2494 aetate,
671 2398 741 2507 quai
773 2408 980 2512 luxuriam
1007 2420 1236 2514 peruagatuu⁴
1345 2403 1349 2410 ’

163 2539 234 2602 erat
255 2529 445 2604 Graeciam
462 2582 480 2613 ‚.
499 2527 575 2600 vhoc
597 2524 636 2599 in
659 2535 874 2621 argumento
903 2547 972 2598 nec
997 2526 1130 2599 vrirnur
1155 2550 1225 2604 nec

162 2645 208 2716 vti
231 2643 431 2739 poliemus:
472 2642 681 2716 defecerant
705 2640 803 2714 enim
828 2640 900 2713 iam
929 2653 1007 2713 tum
1033 2643 1163 2716 domus
1182 2665 1225 2717 ac

163 2758 325 2843 familiae,
349 2770 386 2830 et
407 2755 597 2832 exhaustae
612 2756 697 2829 viris
713 2754 820 2828 urbes
839 2738 1043 2851 pleraeque,
1075 2752 1225 2851 corpora

164 2884 292 2953 autem,
324 2896 415 2968 quae
432 2872 651 2967 supererant,
680 2868 787 2944 frasta
801 2870 911 2941 erant
923 2890 1005 2941 cum
1022 2869 1153 2944 animis
1177 2881 1224 2943 ex
1255 2956 1259 2965 ι

164 2987 265 3082 lunga
283 2987 471 3070 seruitute,
501 3008 609 3080 quam
626 2982 702 3079 post
721 2980 918 3084 Alexandri
933 2982 1071 3056 obitum
1090 3004 1221 3077 regum

167 3102 320 3199 putentia
341 3100 569 3199 imposuerat.
617 3096 745 3173 Nostra
759 3094 949 3193 disputatio
975 3097 1020 3171 ad
1047 3120 1107 3172 eas
1128 3108 1226 3172 aeta·
1362 3087 1365 3101 '

169 3226 217 3290 les
231 3215 381 3313 speliat,
410 3238 481 3311 qna
495 3211 628 3286 liberae
652 3212 817 3285 ciuitates
832 3211 916 3295 suae
934 3210 1055 3303 salutis
1070 3210 1224 3288 caulium

168 3330 256 3404 ineo
273 3328 403 3403 versari
420 3325 689 3421 intelligebant,
712 3325 821 3420 idque
844 3324 1034 3409 curabant,
1060 3327 1190 3400 vieti
1209 3369 1226 3393 .-

170 3444 296 3542 icipere
314 3443 446 3529 liberos
466 3438 644 3538 prodeliet
660 3450 697 3515 et
711 3439 824 3514 fortes
839 3436 970 3514 liberos
987 3438 1120 3515 habere
1130 3441 1229 3516 laudi

169 3558 256 3638 eliel.
314 3556 395 3636 Nec
418 3558 563 3653 ignoro,
595 3576 688 3653 quae
712 3553 913 3629 haedere
936 3552 1112 3653 disputata
1133 3542 1225 3637 lunt.

722 3669 755 3743 R
784 3689 810 3760 4
1178 3666 1225 3743 ad

266 3840 399 3905 brietate
421 3858 457 3899 ac
478 3835 676 3917 frugalitate,
697 3832 888 3911 ieiuniieque
912 3829 1063 3912 religinsrs
1085 3840 1228 3911 repeten-

269 3921 594 4089 §fuselli’piigdem
611 3916 791 3999 intelligere
805 3914 899 3977 licet:
927 3912 962 3980 V
957 3934 1055 3996 oyaga
1073 3934 1106 3977 en
1125 3911 1225 3990 Perse.

222 4139 258 4224 i)
282 4138 452 4221 DYOrigny
476 4136 601 4218 Egyptr
626 4091 790 4199 ancienne
806 4133 846 4198 Τ.
862 4102 893 4197 Ἰ.
924 4154 954 4213 ρ.
970 4148 1020 4211 91.
1039 4128 1109 4212 sqq.
1142 4128 1230 4192 Non-¹

271 4224 345 4286 rlurn
368 4225 452 4284 enirn
482 4221 571 4283 illum
594 4232 680 4294 tum,
711 4239 785 4282 cum
810 4218 864 4281 illa
886 4215 1046 4279 scriberem
1068 4234 1096 4277 a.
1113 4211 1227 4281 LXVI.

257 4307 473 4390 linimentum.
501 4394 505 4399 ι
1270 4305 1273 4311 ·

1235 4752 1449 4925 ..l
