3200 5225
291 655 298 666 .
369 588 451 678 aaa
758 563 1047 621 mm

372 806 394 834 .-
417 838 444 846 ¹.
486 749 591 845 Quod
609 740 733 849 autern
756 749 1001 827 ao-summam
1027 743 1295 844 Aegyptiorum
1322 746 1455 842 fruga-

328 946 333 956 ,
371 867 514 962 litatem
542 866 728 962 viiiusque
751 865 965 940 tenuitatem
991 866 1145 952 attinet,
1195 861 1257 936 etli
1287 862 1387 936 nihil
1419 866 1455 936 in

325 1010 330 1027 ¹
371 983 457 1075 his,
495 981 593 1077 quod
617 994 681 1055 aut
710 989 925 1076 perpetuum
963 998 1028 1072 per
1063 969 1190 1050 omnes
1218 988 1360 1049 aetates
1391 989 1455 1049 aut

368 1088 591 1196 'peromnes
610 1094 755 1169 ord’mes
770 1092 950 1167 seruatum
967 1091 1094 1186 fuerit,
1121 1089 1274 1188 statuere
1292 1090 1386 1164 licet
1410 1116 1455 1164 ex

292 1271 296 1283 .
375 1230 448 1302 noa
473 1210 533 1302 pol
562 1210 676 1295 altera
697 1199 936 1288 austoritotea
968 1225 1037 1302 qua
1064 1204 1101 1279 in
1126 1225 1164 1280 re
1189 1205 1413 1308 plerumque
1431 1205 1455 1279 ii

361 1321 455 1415 ,falfi
475 1322 571 1407 sunt,
608 1320 741 1418 quide
770 1319 942 1418 Aegypto
969 1333 1096 1414 egeam
1133 1318 1296 1398 habuere
1321 1329 1455 1392 tamen

377 1438 444 1514 illa
460 1435 593 1512 caudas
615 1435 698 1510 suas
712 1429 936 1531 constantes,
962 1435 1116 1530 primum
1141 1435 1178 1516 iu
1204 1430 1266 1509 soli
1282 1433 1453 1528 caelique

242 1625 245 1632 .
379 1562 522 1637 natura,
552 1547 1146 1646 taminreiigioficultusratione,
1175 1549 1221 1620 ad
1237 1547 1338 1622 illam
1350 1569 1455 1620 com·

381 1675 518 1762 parata.
577 1663 745 1760 Namque
762 1657 958 1758 religiones
980 1659 1185 1759 Aegyptiae
1206 1662 1453 1736 animantium

263 1862 267 1871 ‚
382 1778 640 1878 plerorumque
658 1774 1059 1883 viumxinterdicebanm
1089 1763 1375 1871 relegabantque
1393 1776 1453 1848 ad-

385 1917 432 1968 eo
447 1888 651 1988 Aegyptios
673 1896 719 1966 ad
735 1891 866 1969 vitium
887 1915 932 1966 ex
948 1889 1104 1965 oleribus
1120 1902 1157 1974 et
1176 1890 1329 1986 pl-antis;
1354 1891 1453 1964 hunc

186 2055 189 2062 ·
269 2061 274 2069 .
307 2059 311 2067 ·
385 2003 511 2080 autern
528 2003 643 2100 ipsum
660 2006 800 2092 caelum
820 2005 994 2080 torridum
1015 2003 1216 2101 fiscumque
1231 2004 1351 2078 multo
1379 2028 1452 2078 ma·

386 2106 446 2214 gis
459 2117 674 2214 requirebat,
691 2107 929 2199 animantium
948 2140 1075 2194 carnes
1093 2117 1297 2198 fastidiebat.
1331 2121 1453 2203 Quan-

390 2245 467 2308 tam
484 2255 590 2330 porro
606 2234 742 2308 ieiunia
756 2257 800 2307 ex
816 2233 979 2326 religioso
995 2233 1065 2310 ritu
1085 2233 1254 2308 seruanda
1273 2232 1318 2306 ad
1337 2233 1453 2307 vitius

392 2348 536 2444 copiam
552 2349 612 2423 vel
627 2349 877 2446 inopiam‘vim
895 2347 1070 2432 habeant,
1101 2346 1152 2422 vti
1176 2346 1377 2422 iucundum
1410 2345 1453 2422 ell

248 2455 255 2466 ⁸
376 2456 440 2535 'ad
471 2460 781 2554 cognoscendum,
810 2461 860 2536 ita
881 2483 992 2557 graue
1017 2455 1063 2536 ad
1085 2461 1455 2556 rerumpublicarum}

390 2573 556 2672 fortunas
573 2575 612 2651 in
623 2574 755 2652 uostris
771 2597 915 2671 quoque
932 2573 1149 2653 hominibus.
1216 2570 1347 2672 Neque
1364 2558 1455 2651 illud

389 2688 678 2784 indisputatione
693 2691 797 2788 super
806 2690 1006 2787 frequentia
1023 2690 1211 2777 hominum
1228 2692 1264 2765 in
1280 2687 1453 2787 Aegypto

355 2799 359 2813 '
389 2804 781 2903 praetermittendum,
813 2805 910 2901 quod
940 2803 1114 2903 Aegyptii
1143 2806 1305 2879 omnium
1337 2807 1452 2881 homi·

380 2913 482 2993 'num
501 2920 660 2993 maxime
685 2918 812 2995 salubri
833 2940 985 3015 corpore
1010 2918 1056 2993 vsi
1084 2920 1183 3005 sunt,
1207 2917 1242 2993 id
1264 2918 1362 3015 quod
1383 2922 1454 2997 Her

391 3032 522 3107 rodoto
544 3034 772 3109 mirationem
788 3032 944 3107 faciebat
959 3024 1034 3131 (ΙΙ,
1053 3026 1162 3132 77.);
1188 3035 1329 3108 itacum
1348 3047 1387 3108 et
1399 3060 1451 3107 ae·

390 3153 468 3219 tate
486 3146 524 3220 in
543 3147 678 3221 multos
696 3137 812 3223 annos
831 3146 1004 3242 protracta
1022 3161 1059 3222 et
1085 3149 1194 3245 prolis
1212 3152 1450 3245 procreandae

391 3259 432 3334 vi
456 3258 633 3358 notabiles
658 3261 786 3345 ellam,
834 3258 859 3337 sr
883 3254 1118 3337 matrimonia
1135 3260 1221 3337 iulia
1248 3273 1286 3337 et
1314 3277 1453 3339 matura

391 3374 681 3470 nutriendaeque
702 3374 814 3474 prolis
847 3376 1054 3452 facilitatem
1073 3378 1272 3471 adieceris,
1309 3378 1453 3453 maioris

302 3502 305 3506 ’
391 3485 583 3563 hominum
609 3490 734 3585 copiae
758 3509 950 3564 numerum
971 3501 1010 3563 vt
1031 3490 1197 3566 ineamus
1222 3488 1358 3567 ¹cauilas
1382 3494 1450 3569 ido

271 3618 279 3633 ‘
348 3670 355 3679 ,
391 3624 484 3681 neas
498 3597 631 3677 fobeffe
646 3616 746 3702 patet
760 3596 831 3703 ”).·
870 3605 969 3691 Quae
984 3592 1016 3679 ΓιΙ
1027 3606 1106 3703 quis
1122 3607 1245 3717 omnia
1260 3612 1303 3683 'ac
1318 3605 1450 3703 singula

456 3742 460 3749 “
1353 3743 1452 3821 {epus

455 3846 493 3931 θ)
513 3845 723 3931 comparanda
748 3851 818 3915 sunt
834 3850 914 3914 hanc
937 3851 969 3915 in
991 3870 1057 3915 rem
1078 3871 1156 3935 quae
1179 3852 1217 3915 de
1231 3850 1333 3927 Sinis,
1355 3853 1395 3915 de
1412 3854 1450 3917 lu·

506 3931 575 4028 dis,
598 3934 636 3994 de
659 3932 771 4006 Periit,
804 3936 1003 4009 deluctans,
1034 3936 1248 4001 narratasunt.
1292 3938 1449 4001 Armenios

505 4015 688 4080 christianos
714 4019 803 4099 prole
826 4017 1015 4081 feliciliimos
1035 4018 1096 4082 effe
1120 4020 1210 4082 multi
1229 4020 1375 4097 tradunt,
1413 4022 1448 4083 in·

498 4105 555 4162 ‘ter
570 4100 630 4162 hoa
649 4098 783 4165 Chardin
796 4104 828 4163 in
846 4100 942 4165 Paris
963 4101 1039 4163 vidit
1056 4104 1207 4165 intereos
1230 4102 1362 4167 familias
1391 4104 1451 4185 plra

503 4202 595 4265 quam
628 4182 991 4267 quingentis-capitibus
1025 4186 1238 4261 abundantem
1283 4184 1451 4271 caussasque

504 4268 572 4329 eius
595 4267 639 4329 rei
668 4288 739 4332 cum
764 4288 803 4335 ex
825 4267 1093 4331 matrimoniorum
1120 4268 1290 4343 facilitate,
1313 4282 1396 4335 ¹tum
1421 4286 1447 4331 er

504 4350 679 4417 educandae
692 4352 790 4439 prolis
805 4360 912 4437 parato
925 4350 1025 4433 vitiu,
1048 4373 1086 4417 ex
1105 4352 1294 4422 adultiorum
1316 4348 1447 4505 verrsbso

1401 4454 1447 4500 rra·
