3200 5225
1100 541 1104 548 ι

672 576 676 587 t

357 629 440 710 27².

355 793 436 865 aut,
466 789 585 854 rerum
602 773 867 872 verborumque
886 772 1096 863 subtilitate,
1126 777 1362 875 intelligendi
1384 805 1421 860 ἃς

349 895 535 986 iudicandi
552 892 606 966 vis
620 903 788 972 acuatur;
815 891 860 964 ad
878 890 1417 994 intelligentiam*etdostfjnam

243 1056 247 1064 ι
354 1007 501 1106 egregie
520 1007 701 1098 multum,
732 1006 776 1076 ad
804 1005 1054 1090 voluntatem,
1093 1009 1265 1106 adeoque
1291 1012 1338 1086 ad
1361 1012 1417 1086 ho·

329 1123 527 1204 ‘aestatem
541 1145 582 1194 ac
599 1120 781 1200 uirtutem,
807 1119 991 1222 nihildum
1013 1121 1211 1215 profestum
1230 1124 1297 1203 est.
1332 1127 1417 1201 Sunt

351 1259 461 1339 porro
477 1237 668 1334 pleraeque
691 1231 898 1326 discipliuae
916 1236 966 1307 ita
992 1252 1245 1332 comparatae,
1278 1251 1319 1313 vt
1340 1223 1414 1314 eum

350 1374 494 1434 morum
527 1350 804 1442 animarumque
839 1347 963 1450 habitu
996 1371 1121 1452 parum
1156 1365 1221 1426 aut
1246 1327 1340 1436 nibil
1361 1357 1415 1428 ha.

350 1467 462 1545 beant
486 1464 800 1560 quodroemmune
827 1459 1129 1559 aoniuullumqu'e
1155 1463 1223 1550 snt3
1269 1466 1412 1568 fierique

349 1583 444 1661 adeo
460 1577 591 1677 potest
594 1601 635 1652 ac
652 1575 758 1661 solet,
764 1588 828 1648 “vt
844 1577 880 1652 in
898 1575 956 1650 sua
973 1579 1103 1675 aliquis
1126 1579 1278 1656 scientia
1302 1607 1344 1656 ac
1367 1583 1411 1656 di·

348 1697 495 1794 sriptina
513 1692 554 1768 snt
575 1693 758 1789 princeps,
790 1691 851 1786 qui
877 1702 1000 1768 tamen
1027 1691 1088 1766 ab
1099 1695 1211 1769 animi
1232 1695 1411 1770 honestate

332 1810 564 1904 liberalitate
581 1819 628 1880 et
634 1807 861 1882 humanitate
878 1803 921 1880 snt
939 1805 1187 1892 alienissimus,
1201 1833 1285 1917 quo
1304 1811 1413 1910 magis

347 1925 547 2010 uerendum
567 1915 633 2004 est,
665 1945 738 2004 ne„
761 1921 799 1993 in
820 1919 997 1997 summa
986 1925 1216 2034 rngeniprunn
1245 1947 1312 2022 per
1342 1923 1409 1998 sub-

348 2041 488 2135 tiliores
504 2034 717 2147 disciplinas
741 2032 982 2140 expolitione,
1020 2039 1220 2114 inuenilas
1228 2035 1406 2116 animiad

281 2135 292 2152 ³
345 2127 602 2228 bonosmores
622 2172 663 2223 ac
683 2147 829 2222 sensus
821 2170 1020 2242 ingenuos,
1038 2119 1230 2238 bonellus,
1260 2175 1405 2248 genero·
1441 2221 1442 2224 ,

346 2271 422 2354 sos,
452 2264 709 2343 nihilomnino
734 2260 932 2358 proficiant
1006 2253 1130 2350 Quid?
1160 2271 1315 2368 quadiu
1332 2264 1404 2366 ipsu

344 2408 420 2460 nou
437 2382 547 2455 modo
568 2376 821 2474 philosophicis
839 2377 1026 2462 dostrinis‚
1056 2403 1182 2456 verum
1207 2385 1248 2457 in
1268 2381 1402 2458 faustin-

293 2528 296 2540 ·
343 2497 443 2574 ribus
468 2519 511 2583 ac
536 2495 674 2568 diuinis
696 2493 825 2568 litteris
851 2493 1131 2593 interpretandis
1155 2521 1251 2572 aeuo
1277 2495 1402 2584 exusto,

343 2613 514 2691 videmus
540 2605 758 2683 consenuisse
784 2606 939 2691 multos,
987 2611 1048 2709 qui
1071 2593 1194 2687 tamen
1223 2614 1271 2687 de
1298 2609 1401 2687 sruslu

343 2728 464 2858 aliqup
509 2725 554 2799 ed
587 2724 622 2799 se
660 2726 745 2796 inde
786 2724 1012 2807 detinendo,
1066 2726 1114 2801 de
1153 2726 1400 2835 cupiditatibus

340 2844 456 2920 enimn
443 2839 522 2917 sui
542 2838 795 2935 reprimendis.
823 2836 871 2911 de
895 2836 1094 2915 officiorum
1117 2830 1261 2917 suorum
1282 2860 1398 2923 nurne-

341 2958 411 3045 ris,
441 2968 481 3030 et
496 2974 588 3053 quae
610 2954 667 3027 his
692 2950 817 3029 similia
842 2934 940 3036 sunt,
971 2970 1018 3029 ne
1045 2952 1152 3029 vllam
1179 2946 1385 3055 quidemn
1354 2953 1398 3028 lu·

335 3072 485 3167 scepera
510 3068 789 3164 cogitationem:
831 3065 1010 3164 quodsra
1038 3074 1238 3156 veteranis,
1273 3072 1396 3147 littera·

340 3207 424 3262 rum
445 3184 575 3270 studia,
614 3181 723 3257 etiam
749 3181 942 3291 sapientiae
973 3182 1120 3259 diuinae
1151 3186 1395 3278 humanaeque

339 3281 542 3395 disciplina,
581 3299 730 3373 eumin
759 3298 910 3373 modurn
941 3298 1010 3373 culi
1034 3312 1204 3397 potuere,
1252 3296 1370 3399 quid'
1363 3318 1395 3369 ιιι

338 3414 539 3493 iuuentutis
565 3413 685 3488 calore
715 3423 753 3484 et
784 3412 924 3505 impetu
948 3433 1143 3511 rerumque
1172 3428 1392 3491 externarum

254 3564 257 3567 ·
340 3527 561 3613 adnuituum
583 3548 617 3600 vr
608 3525 794 3603 saturum
810 3524 880 3601 esse
897 3526 1119 3633 putabimus!
1161 3529 1322 3612 Virtutis,
1345 3546 1393 3599 re·

340 3642 536 3740 ligionisae
551 3642 825 3736 patriae-arnor,
852 3644 1253 3739 rerumpraeclararum
1271 3666 1314 3719 ac
1326 3633 1393 3738 pul·

336 3760 504 3850 chuerum
523 3756 694 3844 studium,
715 3756 834 3831 sensus
854 3756 1036 3851 generosi,
1069 3758 1217 3835 hunnine
1241 3761 1389 3853 ingenuo

278 3907 282 3913 ·
336 3887 376 3949 et
399 3872 593 3947 liberaliter
617 3873 770 3947 educato
799 3871 919 3969 digni,
951 3872 996 3947 ab
1021 3854 1337 3973 omniburnilitate
1353 3884 1390 3940 ac

337 3988 457 4065 seruili
489 3986 695 4084 [currilique
725 3986 898 4063 foeditate
928 3987 1063 4072 alieni,
1112 4002 1161 4099 “tf
1178 3976 1281 4093 super
1306 3980 1387 4081 ipsas

334 4105 430 4177 'adeo
449 4101 616 4182 fortunae
634 4102 753 4176 sordes
776 4104 998 4203 eminentes,
1029 4101 1137 4206 nullis
1162 4102 1314 4199 profesto
1338 4115 1385 4168 ur·

334 4226 592 4312 gumentorum
612 4240 654 4291 ac
671 4215 862 4293 verborum
883 4194 1160 4297 subtilitatibus
1151 4243 1187 4293 tn
1205 4217 1380 4295 hominum

338 4332 475 4411 animis
496 4335 645 4414 excitari
669 4330 835 4464 polluat,
873 4333 998 4409 etun
994 4357 1054 4409 ere
1080 4335 1155 4411 salli
1177 4337 1337 4421 uideasp
1341 4325 1381 4395 lt·

1299 4458 1384 4517 rum
