3200 5225
293 627 341 693 Ν
688 595 972 656 m

296 775 641 898 quandoquidem
689 776 905 868 semestres
948 776 1028 871 eise
1063 781 1201 875 solent
1241 786 1361 881 vices

292 891 557 1010 magistratus
579 891 832 1002 academici,
861 895 929 983 bia
943 895 1013 986 vel
1028 916 1095 986 ter
1117 897 1265 989 officio
1280 901 1358 990 illo

293 1005 356 1094 est
391 1003 719 1124 defungendum.
800 1007 945 1125 Quum
975 1012 1100 1128 pauci
1125 1012 1357 1103 admodum

290 1119 372 1208 srnt
395 1141 596 1230 numer0,
635 1122 772 1242 quiin
803 1121 1045 1212 officiorum
1068 1123 1356 1216 aestimatione
1450 1133 1456 1152 ⁵

289 1231 482 1324 facienda
508 1237 618 1325 ultra
646 1236 872 1324 utilitatem
896 1238 1104 1353 priuatam
1126 1268 1176 1328 ac
1198 1268 1355 1330 merce·

288 1347 386 1436 dem
412 1376 570 1466 operae
596 1349 837 1440 condidam
869 1351 1090 1472 quicquam
1117 1353 1171 1440 ad
1191 1350 1234 1442 se
1258 1379 1355 1470 per·

286 1464 423 1554 tinere
451 1483 623 1580 putent:
666 1465 820 1553 mirum
845 1493 932 1553 non
964 1465 1049 1576 est,
1084 1466 1199 1556 fide
1227 1494 1351 1557 more

284 1577 372 1665 hoc
399 1579 641 1668 academico
666 1578 792 1692 ualde
821 1579 964 1698 iniqua
1000 1582 1219 1670 hominum
1242 1581 1351 1671 iudi·
1411 1691 1415 1695 ‚

283 1691 348 1779 cia
370 1692 513 1808 paffim
538 1690 641 1782 ferri
674 1693 843 1783 audias:
901 1695 1123 1814 exquibus
1153 1695 1233 1786 alia
1254 1691 1377 1786 fun··

282 1803 457 1895 dumet
488 1810 698 1898 rationem
728 1811 880 1896 habere
911 1835 1000 1894 non
1024 1835 1212 1924 negem,
1267 1811 1349 1900 alia

281 1945 408 2038 quam
479 1921 560 2008 fint
601 1921 738 2037 pufilli
758 1946 1009 2038 parumque
1045 1922 1347 2024 liberaliaani·

277 2035 361 2147 mi,
410 2030 534 2122 facile
556 2036 764 2151 intelligat
788 2034 846 2145 ia,
895 2034 990 2151 qui,
1022 2034 1127 2234 guid
1153 2035 1207 2123 ad
1225 2063 1344 2126 coma

277 2165 447 2236 munem
493 2149 729 2236 academiae
757 2149 984 2235 utilitatem
1042 2175 1262 2269 amamque
1297 2169 1342 2239 et

274 2251 625 2352 existimationem
677 2261 765 2349 vim
816 2264 998 2371 habeat,
1068 2264 1344 2379 reputauerit.

271 2375 446 2464 Scilicet
477 2405 571 2480 cum
611 2376 788 2465 omnino
822 2373 1046 2464 academiis
1074 2377 1342 2492 exoptandae
1383 2465 1387 2473 .

201 2535 203 2540 ·
270 2487 352 2577 smt
369 2487 586 2600 cauffaeet
601 2491 950 2693 opKortunitates
969 2517 1095 2610 quam
1117 2492 1358 2605 plurimae,
1464 2547 1465 2576 2

185 2607 187 2617 '
273 2606 380 2732 quae
403 2605 571 2720 ingenia
595 2625 639 2693 et
692 2603 787 2692 udia
809 2624 983 2715 acuant,
1012 2602 1212 2691 defidiam
1226 2632 1336 2694 vero

271 2748 322 2805 ac
349 2722 568 2808 veternum
596 2722 833 2807 excutiant:
869 2746 958 2835 quo
981 2717 1093 2804 nulla
1124 2718 1337 2833 pernicio·
1462 2755 1463 2759 ¹

251 2833 352 2921 'fior
367 2826 495 2950 pestis
512 2834 734 2945 academiis
751 2834 948 2949 ingruere
970 2829 1130 2948 potest,
1156 2832 1336 2922 necvlla
1462 2851 1464 2920 ἑ

266 2949 426 3037 certior
458 2947 678 3059 imminet,
722 2946 800 3035 nisa
820 2944 967 3033 sedulo
992 2965 1159 3032 cautum
1182 2943 1332 3034 fuerit:

262 3080 353 3170 tum
390 3064 568 3151 omnino
602 3090 651 3150 ea
682 3062 908 3150 utilitatem
935 3060 1124 3169 habent,
1181 3060 1333 3178 quibus

260 3176 494 3265 excitantur
535 3176 693 3281 animi,
734 3202 814 3263 -ne
855 3173 1104 3292 quotidiana
1144 3173 1332 3261 docendi

260 3317 395 3406 opera
437 3286 685 3407 profefforis
721 3312 872 3377 munus
905 3306 950 3375 et
979 3314 1137 3379 nomen
1171 3284 1328 3405 absolui

258 3407 552 3525 continerique
574 3423 781 3521 putetur,
833 3428 982 3489 verum
1004 3421 1056 3489 vt
1083 3398 1327 3517 disciplinae
1447 3496 1450 3503 ,

255 3518 350 3609 suae
372 3522 559 3639 quisque¹
572 3546 657 3637 pro
673 3517 714 3607 se
733 3514 912 3604 fundum
928 3515 1110 3627 colere,
1141 3540 1324 3631 prouen-

253 3653 345 3721 tum
371 3661 556 3752 augere,
615 3660 722 3753 quae
752 3630 822 3718 alii
845 3628 897 3717 ad
921 3628 1156 3719 litterarum
1189 3627 1323 3726 incre·

252 3767 394 3837 menta
423 3768 467 3837 et
497 3748 641 3837 auttus
669 3743 911 3855 attulerint,
969 3738 1231 3857 cognoscere
1270 3766 1321 3828 ac

250 3860 321 3951 sua
350 3860 521 3974 facere,
572 3887 625 3949 ex
657 3857 805 3949 iisdem
831 3855 970 3974 copiis
1001 3858 1080 3943 alia
1103 3853 1158 3945 ad
1180 3854 1318 3942 cathe-

248 3973 431 4065 drariam
461 3973 657 4065 tradendi
694 3996 883 4089 operam·
913 3965 1171 4078 transferre,
1236 3968 1317 4056 alia

244 4106 445 4209 tanquam
480 4117 592 4179 noua
616 4105 840 4203 augmenta
870 4102 914 4171 et
945 4104 1192 4171 ornamenta
1215 4106 1319 4201 pro*

241 4206 362 4321 priae
386 4208 480 4295 suae
498 4203 718 4309 doiirinae
740 4198 923 4308 adiicere
945 4194 1120 4309 studeat.
1179 4192 1317 4312 Quod

242 4316 430 4440 fiitaque
442 4339 641 4437 tempora
656 4311 870 4421 incidunt,
898 4312 1049 4430 quibus
1066 4336 1157 4410 non
1174 4306 1311 4421 modo

1144 4446 1311 4540 oppor-
