3200 5225
573 624 853 665 -·-=-·‘·-
1140 621 1224 697 arr

179 785 329 852 terrarum
355 773 481 852 orbern
512 773 731 873 permutatio
758 772 862 848 ii'eret
884 785 924 850 et
946 779 1220 875 transportatioe
1346 869 1349 883 ι

181 891 290 964 scilicet
304 891 466 965 vtindies
481 889 704 964 manifestius
714 889 960 963 declararetur
976 889 1075 975 illud,
1096 915 1233 988 quern-1
1274 899 1293 1002 ‚³

179 1005 349 1080 admodum
362 1004 575 1078 eommunis
596 1005 720 1075 omnia
744 1003 903 1097 parentis
926 1026 1009 1088 cura
1040 1007 1222 1084 etindui-

182 1119 279 1209 geutia
300 1119 576 1204 contineantur,'
612 1117 662 1191 ita
683 1119 870 1190 cummuni
893 1119 989 1193 inter
1016 1117 1051 1193 se
1073 1119 1222 1200 vinculo
1292 1182 1294 1190 .

183 1247 208 1303 et
226 1255 332 1324 genus
365 1233 567 1308 humanum
593 1239 633 1305 et
662 1241 775 1336 totam
805 1250 925 1306 rerum
960 1245 1124 1308 naturam
1152 1235 1223 1312 effe

181 1345 308 1419 rinham
333 1369 375 1422 ac
392 1347 610 1443 copulatam.
668 1344 897 1439 Babyloniae
918 1340 993 1422 nun
1024 1350 1144 1422 miuus
1167 1363 1221 1426 at·

182 1481 232 1551 que
255 1461 374 1536 Indiae
403 1462 476 1534 iarn
510 1461 555 1539 ab
580 1458 682 1532 initio
712 1458 898 1548 nobiliora·
916 1461 1059 1556 frugum
1086 1475 1244 1558 genera

182 1573 345 1649 domestica
367 1567 479 1657 fnisse,
509 1563 607 1648 cuitu
625 1588 748 1646 tarneu
769 1597 856 1648 mox
873 1576 1024 1650 excitata
1042 1589 1080 1648 et
1096 1600 1221 1654 ernen-

181 1686 257 1772 dae,
282 1690 408 1764 eadem
440 1688 612 1784 Aegypto
636 1686 710 1761 siue
738 1687 840 1762 iilata
865 1686 938 1763 siue
957 1697 983 1762 ‘a
1003 1685 1148 1766 siluestri
1174 1695 1220 1768 ad
1306 1692 1310 1700 ’

180 1803 332 1877 mitiorem
352 1817 519 1878 naturarn
537 1800 705 1885 aridatha,
735 1801 857 1896 paullo
875 1799 951 1900 post
968 1801 1141 1899 probabili
1158 1807 1222 1884 aii.

181 1936 232 2006 qua
244 1920 377 1992 ratione
393 1918 634 1993 ostendemus.
658 1995 659 1998 ,
695 1917 752 1990 Ex
765 1915 908 2002 iisdem,
939 1915 1086 2018 Qfiridis
1101 1933 1139 2026 et
1152 1923 1223 1998 Pa-
1250 1965 1268 2022 χ

180 2029 226 2101 nis
239 2032 349 2107 Liberi
369 2023 512 2131 (rerum
528 2031 675 2107 nomina
693 2028 887 2127 symbolica
903 2030 1004 2117 sunt,
1032 2034 1128 2128 quod
1146 2061 1221 2113 non
1291 2067 1294 2072 ·

181 2141 348 2246 dubitesk,)'
367 2169 465 2231 cura,
495 2147 602 2221 latius
620 2146 716 2221 vitae
734 2143 918 2254 humanae
932 2147 1059 2220 ‹euitus
1078 2148 1219 2246 serpere

181 2253 284 2352 coepit
298 2259 766 2352 1ΜωιΡιιοειιῑοεεῑτιιςιιιη
776 2258 963 2344 sationem,
979 2260 1219 2366 undecunque

181 2367 225 2463 hh
241 2397 316 2451 earn
339 2387 575 2472 acceperant,
606 2372 652 2448 ad
669 2396 784 2446 nouas
799 2385 914 2446 terras
928 2395 972 2448 ar
986 2375 1147 2452 colonias
1167 2378 1219 2454 se·
1240 2377 1243 2384 ’

180 2505 239 2558 turn
258 2485 613 2570 attulisse-verisimile
638 2485 709 2568 est;
738 2486 1054 2582 Carthaginienses
1081 2497 1233 2578 anterus

180 2600 222 2693 qui
241 2607 454 2699 agricultura
481 2596 553 2679 non
579 2601 700 2678 minus
725 2603 1023 2698 ae‘nauigatione
1045 2607 1218 2695 claruere,
1280 2611 1282 2619 '

179 2734 224 2805 per
237 2715 394 2806 Africae,
425 2718 618 2815 Hispaniae
635 2732 672 2790 et
688 2718 828 2813 Galliae
850 2714 968 2791 littora
990 2707 1143 2795 rereaiia
1169 2722 1219 2796 se·

178 2830 251 2905 mina
279 2827 471 2931 disperiiffe
498 2832 652 2930 dubitari
683 2831 824 2935 nequire
900 2830 1114 2919 Alexandro*
1132 2858 1218 2911 vero

178 2938 279 3021 aian
293 2948 450 3033 vitreriis
465 2958 699 3045 peragrante,
724 2942 926 3021 Aristotelis
942 2947 1106 3043 inprimis
1121 2968 1216 3038 cura,
1236 2970 1238 2981 ‘

178 3052 281 3136 uuum
307 3059 377 3149 est,
419 3073 459 3137 vt
485 3062 598 3134 multa
624 3060 788 3157 frugum,
832 3060 1092 3155 leguminum,‘
1116 3064 1218 3140 arbo·
1247 3154 1250 3161 ⁴
1284 3136 1286 3145 ,

178 3189 236 3248 run
257 3176 522 3274 herbarumque
547 3195 680 3268 genera
698 3174 847 3247 Graecis
873 3175 1002 3271 partim
1018 3176 1218 3255 innotesce·

177 3299 252 3373 rent,
279 3293 429 3390 partim,
459 3291 570 3387 idque
594 3289 709 3361 multo
735 3288 853 3382 magis
877 3287 938 3365 sub
956 3289 1158 3371 seleucidis
1180 3307 1220 3371 et

176 3390 399 3492 Ptolemaeis,
430 3401 583 3496 exAiia
608 3402 646 3476 in
665 3403 847 3497 Eurnparn
876 3412 1216 3500 transportareu'tur.

178 3508 244 3590 Mox
269 3522 520 3611 Romanorurn
541 3529 640 3591 arma
657 3516 857 3591 Mithridati
878 3516 976 3593 iliata
999 3534 1217 3618 apertusque

178 3630 273 3707 oriens
286 3638 396 3711 uariis
412 3624 579 3709 arborum
597 3644 636 3704 et
651 3625 853 3726 plantarum
877 3634 1071 3726 generibus
1091 3638 1219 3712 ditauit

177 3737 312 3832 italiam
352 3748 568 3825 aRomanis
591 3766 678 3817 vero
703 3746 830 3818 eadem
856 3768 940 3820 cum
963 3748 1101 3845 reliquo
1122 3750 1217 3825 virae

178 3860 253 3935 cultu
272 3865 309 3941 in
326 3842 468 3939 ceteras
485 3862 652 3957 Europae
671 3869 786 3932 terras
810 3860 912 3935 fuere
932 3861 1084 3940 inuecta.
1141 3864 1218 3939 No·
1301 3954 1304 3959 ἱ

175 3970 214 4045 ris
232 3977 364 4056 iterum¹
379 3978 547 4072 plantis,
577 3972 735 4049 oleribus
760 3988 870 4047 certe
887 3986 924 4049 et
944 3975 1115 4069 frugibus,
1143 3980 1217 4052 Eu·
1327 4016 1330 4023 ·

174 4102 276 4185 iopam
297 4077 533 4191 inaperriuere
543 4088 689 4166 barbari
703 4142 724 4172 ,a
751 4088 864 4163 Gothi
880 4091 1042 4187 inprimis
1059 4082 1117 4189 ’‘),
1155 4093 1218 4191 qui
1301 4076 1306 4087 ’

1115 4230 1220 4283 ‘ex
1299 4232 1353 4266 <¹

218 4305 249 4384 i)
267 4289 534 4456 ιῑὲἰηὲιέἕίείῑεὶυ,
557 4304 671 4377 Viroll
712 4304 857 4381 rustum
875 4304 909 4369 in
927 4304 1133 4389 disputatione
1143 4328 1222 4382 rnox

299 4414 317 4457 u
403 4413 430 4457 a.
