3200 5225
524 611 821 670 m·
1122 637 1220 723 365,

176 805 267 882 tudini
279 823 466 902 corporum
486 779 822 900 intestinumue
840 795 1056 888 acrimonia,
1089 805 1212 883 modou

176 921 292 1020 pituitae
314 916 553 1002 crassrludine,
597 918 706 990 modo
736 916 809 990 alui
834 918 895 990 vel
919 917 1213 1016 tardatione-uela⁶

176 1035 355 1110 resolutione
373 1033 499 1116 noxia,
528 1042 584 1112 vt,
604 1027 638 1103 'li
659 1029 764 1106 nobis
781 1053 877 1106 nunc
900 1031 962 1106 tali
982 1031 1074 1106 vitiu
1096 1043 1203 1110 uteu-

177 1149 238 1222 dum
254 1147 348 1240 esset,
378 1145 457 1221 lieri
474 1146 538 1218 vix
563 1145 690 1241 pulset,
730 1146 817 1241 quin
840 1144 946 1220 uariis
964 1168 1050 1219 mox
1065 1149 1203 1223 morbis

177 1261 369 1360 febribusque
388 1281 536 1358 corpora
553 1257 668 1334 uulira
684 1270 929 1341 tentarenturt
958 1259 1054 1334 uitae
1078 1259 1214 1360 tamen

178 1375 310 1460 duritie,
329 1373 664 1470 loborispatierrtia,
703 1372 908 1446 vacuitate
899 1376 1089 1458 curarum,
1118 1394 1214 1451 cun

178 1492 259 1564 suuis
281 1500 342 1584 pet
366 1487 470 1564 siluas
496 1487 675 1581 salusque
698 1484 925 1571 discurfibu's,
963 1509 1113 1584 corpora
1136 1489 1212 1566 hu

178 1623 259 1677 nana
271 1603 314 1677 ita
331 1601 544 1701 roborantur
559 1611 596 1675 et
616 1595 821 1684 firmantur,
862 1599 989 1710 istique
1013 1600 1216 1677 alimento·-
1281 1612 1285 1620 '

179 1738 234 1790 rum
248 1731 388 1794 naturae
413 1725 718 1813 attemperantur,
760 1724 799 1787 vt
808 1701 968 1788 entitur
995 1739 1068 1790 non
1093 1716 1214 1813 mudo'

180 1827 229 1903 lue
243 1843 328 1908 noxa
353 1841 519 1914 utantur,
549 1847 674 1936 verum
695 1827 804 1902 etiam
822 1827 955 1904 succos
963 1829 1071 1903 utiles
1094 1841 1133 1904 et
1149 1831 1213 1906 in-

180 1960 341 2020 crementa
361 1933 449 2018 inde
479 1943 648 2039 viresque
676 1941 827 2016 sumant
906 1943 1214 2042 Quandocunque

182 2069 270 2132 autern
293 2059 460 2135 homines
486 2055 530 2132 ab
552 2056 611 2132 illa
630 2055 725 2132 vitae
748 2053 954 2154 asperitate
967 2059 1141 2135 recedunt
1166 2069 1216 2136 et
1281 2105 1285 2110 ·

182 2171 211 2243 ad
224 2174 330 2249 mitius
347 2173 565 2268 molliusque
584 2171 680 2245 vsta'e
696 2193 831 2266 genus,
853 2172 962 2245 tiritra
982 2173 1125 2247 aedium
1151 2180 1239 2248 tea*¹

182 2283 232 2369 lla,
256 2287 425 2364 inumbra
450 2289 507 2360 vel
523 2285 570 2362 ad
585 2284 727 2368 locunt,
727 2315 731 2332 ι
759 2285 1055 2380 progrediuntur,
1080 2299 1120 2360 vt
1137 2277 1230 2364 frai-

182 2396 321 2477 diaetam
350 2401 538 2478 sellulariis
563 2399 698 2474 artibus
716 2398 816 2474 uires
843 2397 975 2474 vidium
1004 2402 1217 2495 grauiorem
1251 2459 1255 2465 -

182 2515 333 2600 recuseut;
379 2529 455 2589 tum
487 2515 609 2588 videas
635 2512 805 2588 homines
836 2515 1004 2619 quamuis
1026 2517 1138 2591 rudes
1171 2519 1230 2592 et'
1258 2594 1261 2601 .

182 2624 314 2705 barbaros
341 2630 495 2705 naturali
517 2630 639 2725 aliqua
668 2629 885 2722 sagacitate,
929 2634 1121 2727 rerumque
1143 2629 1222 2708 vso
1235 2625 1245 2637 ”

184 2756 207 2813 ιι
221 2750 531 2842 experimentorum
548 2742 631 2826 lide,
656 2742 786 2819 vinum
805 2742 928 2818 sensam
946 2754 1097 2829 mutare,
1117 2744 1218 2821 triol-2

183 2852 243 2941 ιιι,
273 2872 490 2954 temperare,
537 2875 738 2954 prauasque
771 2859 866 2931 vitae
884 2856 1042 2931 rationes
1071 2881 1115 2932 eo
1137 2831 1220 2936 cibi·

182 2982 325 3070 putusque
343 2994 477 3069 genere
493 2972 706 3057 emendare,
744 2972 839 3066 quod
859 2993 1048 3065 corporum
1073 2949 1220 3070 habitui
1318 3047 1320 3058 ,

184 3082 235 3157 dini
251 3090 523 3165 consentaneum
542 3098 579 3160 et
595 3084 733 3162 salubre
751 3084 803 3160 ιιι
829 3087 921 3159 Hoc
924 3086 1021 3160 idern
1038 3088 1117 3183 quis
1135 3085 1221 3165 nor?

183 3198 300 3277 miretur
321 3205 358 3277 in
380 3198 562 3277 nonnullis
579 3199 692 3273 vitius
716 3200 825 3274 etiarn
848 3201 999 3274 mitioris
1016 3202 1237 3295 generibus

183 3314 264 3407 uulgo
283 3316 376 3401 fieri,
422 3338 531 3412 quae,
562 3326 606 3387 vt
626 3314 836 3387 diaetetices
855 3312 1023 3411 riiagisiri'
1028 3312 1236 3412 praeclare‘

183 3421 295 3515 docent,
324 3431 454 3504 viscera
474 3431 646 3511 durando,
677 3429 882 3511 relaxando,
910 3427 1082 3517 inflando,
1112 3426 1239 3507 retnis·

185 3548 312 3625 geraudo
328 3547 477 3637 aliisque
494 3544 611 3615 modis
630 3542 787 3635 pluribus
803 3557 1038 3640 corrumpunt
1054 3570 1096 3621 ac
1112 3546 1211 3620 debi·
1270 3556 1281 3649 ᾗ
1309 3621 1311 3624 ,

185 3647 280 3741 ιιιιιιιι
308 3660 393 3733 dum
410 3660 544 3734 interea
562 3656 743 3741 indusium
766 3660 896 3752 vulgus
914 3660 982 3733 alia
997 3682 1212 3758 quacunque

185 3782 219 3850 rt,
243 3774 393 3856 utullus
423 3773 534 3865 cepis,
560 3770 944 3854 vinosrumorutaceo,¹
961 3773 1090 3848 ιιιιιιιιι
1106 3774 1210 3848 suum
1257 3858 1260 3864 ,

186 3872 218 3951 tta
231 3896 414 3983 temperat
444 3897 484 3960 vt
501 3890 637 3971 nostae,
682 3906 788 3986 quam
812 3887 955 3984 trahere
983 3888 1068 3969 iude
1088 3887 1212 3983 pulset,

186 4012 328 4077 occurrat.
414 4000 492 4075 Nec
524 3999 607 4076 sane
641 4000 751 4077 vllutn
782 3998 832 4075 est
857 4002 962 4076 facile
988 4002 1055 4080 cibi
1081 4024 1210 4097 geuus,

186 4114 258 4195 quod
275 4138 357 4189 uon
362 4114 481 4208 aliquo
498 4114 584 4189 vitio
600 4113 753 4199 laboret,
790 4116 854 4189 vel
870 4114 998 4191 crebro
1014 4115 1086 4189 ael
1098 4116 1212 4193 sotim
1307 4185 1309 4196 .

185 4221 229 4291 tel
253 4227 494 4327 intempestiue
520 4227 697 4314 sumtuum
744 4242 783 4307 vt
807 4230 853 4301 de
872 4226 966 4302 redte
994 4232 1212 4305 tuendat'a·

184 4324 317 4417 latudine
339 4342 442 4419 sacile
471 4342 657 4440 desperes,
712 4342 736 4419 ιι
769 4343 1077 4461 Hippo'iratem
1098 4345 1212 4431 Gale·

674 4512 676 4518 .
1119 4481 1211 4533 num
