3200 5225
164 767 249 852 rum
279 729 727 864 rernm'contenplattone
748 766 991 866 diuturnaque
1010 765 1237 845 uniuscuius-

166 901 239 972 que
251 876 506 955 obseruatione
522 905 566 956 ac
583 881 803 957 iudicatione
818 892 1046 979 otmparatur
1062 905 1169 981 quam
1179 884 1235 969 iis,

164 991 292 1077 sinon
310 995 534 1080 continetur,
564 1007 639 1071 tota
662 1007 786 1071 tamen
809 996 974 1073 innititur
989 1008 1026 1073 et
1047 996 1234 1084 incumbit,

167 1128 264 1201 quae
291 1107 336 1182 ab
360 1107 441 1184 aliis
467 1108 636 1195 inuenta,
673 1113 830 1208 prolata,
868 1121 992 1186 ornata
1020 1121 1059 1186 et
1077 1113 1238 1211 expolita

169 1223 357 1321 memoria
380 1236 489 1320 atque
519 1223 642 1312 animo
667 1225 1033 1319 comprehendimur
1063 1238 1104 1302 vt
1126 1226 1238 1301 inter·

168 1333 265 1408 dum.
288 1335 380 1438 adeo
410 1338 446 1413 in
478 1336 586 1412 rebus
612 1337 760 1413 aliunde
788 1339 947 1437 acceptis
979 1350 1055 1416 tnta
1082 1337 1237 1417 fubhstat

169 1449 340 1535 eruditio.
418 1452 555 1541 lorium
587 1466 685 1528 certe
720 1453 818 1529 nulla
856 1452 1062 1552 potestesse
1092 1453 1238 1530 scientia

168 1564 295 1659 paullo
310 1567 528 1651 accuratim,
554 1563 620 1640 nili
637 1567 870 1663 imperiorum
891 1580 929 1644 et
945 1569 1158 1667 populorum
1183 1568 1238 1644 hi·

169 1675 338 1765 storias„
363 1692 534 1779 tanquam
569 1679 875 1767 fundamentum,
920 1683 954 1757 ei
993 1679 1235 1759 substruxeris.

170 1790 338 1867 Diuinior
354 1815 440 1868 vero
462 1793 645 1896 disciplina
669 1806 771 1869 tanto
794 1795 1159 1872 mainrcm‘histnriae
1184 1794 1239 1870 di-

170 1907 349 1997 gnitatem
373 1931 417 1984 ac
432 1908 665 2012 splendorem
685 1910 871 1995 conciliat,
902 1909 1017 2007 quod,
1048 1909 1168 2009 quoad
1186 1908 1238 1984 sa·
1282 1941 1285 1952 ·
1310 1976 1313 1986 .

171 2019 233 2096 itis
251 2033 291 2098 et
300 2022 407 2098 rebus
424 2021 531 2118 gestis
545 2022 682 2109 nititur,
711 2024 899 2100 historicae
917 2024 1002 2100 ndei
1010 2024 1238 2102 stabilitatem

171 2156 211 2208 ac
226 2135 437 2212 firmitatem
447 2138 553 2213 vnice
570 2137 722 2235 respicit.
791 2140 845 2216 Tu
863 2151 1003 2222 autem,
1029 2135 1236 2216 santiiihma

171 2249 406 2348 philosophia,
435 2252 621 2358 vitaeiux,
650 2250 805 2326 uniuersi
823 2251 928 2333 huius
941 2251 1139 2350 interpres,
1169 2253 1240 2326 mi·

171 2365 366 2440 randorunr
378 2365 506 2440 summi
521 2363 661 2462 opificis
673 2387 823 2460 operum
841 2364 1048 2454 enarratrix,
1077 2364 1240 2445 veritatis

172 2479 295 2554 autior
318 2479 519 2576 eademque
546 2470 757 2564 restitutur,
788 2501 882 2580 quae
918 2479 1029 2556 etiarn
1052 2504 1108 2558 ex
1142 2479 1239 2558 sacra

173 2593 333 2671 dottrina
356 2593 526 2672 tenebras
550 2606 588 2669 et
610 2593 809 2692 squalorem
835 2594 1055 2695 superiorum
1082 2595 1240 2673 saeculo-

172 2729 253 2783 rum
273 2708 458 2806 depulisti,
486 2710 673 2784 ciuitatum
691 2731 778 2783 vero
794 2732 837 2785 ac
858 2732 1016 2808 rerump.
1039 2710 1109 2784 sola
1133 2707 1238 2805 sospi-

173 2823 280 2897 tatrix
307 2839 346 2899 et
371 2823 624 2920 emendatrix,
668 2822 799 2920 quibus
824 2822 1083 2899 constituendis
1108 2835 1146 2898 et
1173 2824 1239 2897 de·

174 2937 371 3012 scribendis
393 2938 597 3033 legumque
614 2939 728 3013 tutela
750 2937 939 3013 firmandis
966 2936 1030 3013 nisr
1054 2950 1091 3011 tu
1114 2936 1239 3013 adsue·

174 3052 239 3136 ris,
267 3076 345 3127 non
365 3050 428 3127 nisr
447 3076 555 3127 caeco
572 3052 711 3149 impetu
724 3074 767 3127 ac
782 3062 921 3129 temere
951 3051 1156 3127 coalescunt
1171 3052 1239 3129 im·

175 3166 297 3262 peria,
327 3178 369 3241 vt
389 3166 556 3241 monstris
576 3188 621 3239 ac
644 3166 826 3264 portentis·
842 3164 1008 3243 similiora
1030 3164 1116 3252 sint,
1145 3175 1183 3242 et
1198 3166 1239 3245 iu

174 3303 370 3376 paucorum
403 3303 604 3376 eorumque
633 3278 926 3377 nequissimorum
953 3279 1143 3357 utilitatem
1170 3278 1241 3358 elie

175 3394 364 3470 constituta
393 3380 583 3470 videantur
599 3418 620 3483 3,
656 3394 858 3471 nostrorum
886 3406 1009 3471 autem
1033 3394 1239 3473 animorum
1264 3413 1270 3431 “

173 3510 372 3585 diuiniores
393 3519 562 3593 naturas,
590 3508 709 3596 vires,
741 3534 831 3604 opes
851 3534 893 3585 ac
907 3510 1099 3587 facultates
1123 3512 1241 3587 incre·

174 3624 325 3709 diuites,
354 3644 552 3718 eammque
567 3622 890 3721 impellendarum.
920 3625 1161 3721 regendamm
1176 3634 1240 3699 aut

173 3736 438 3815 incitandarurn
454 3736 630 3821 rationes,
660 3738 884 3835 omninoque
903 3738 965 3815 ilia
986 3760 1107 3815 rerum
1132 3737 1241 3835 mira·

175 3854 273 3939 cula,
303 3874 397 3949 quae
414 3850 476 3927 sun
490 3850 641 3948 quisque
658 3851 800 3947 petione
823 3853 1127 3934 circumferimus,
1147 3850 1237 3947 quis.

174 3964 237 4041 nist
260 3979 299 4042 te
321 3965 561 4064 hierophanta
587 3965 775 4052 initiatus,
807 3965 1025 4063 cognoscat?
1060 3964 1153 4049 Quid
1186 3979 1239 4041 ta·

173 4102 260 4156 men
277 4093 314 4156 te
329 4082 428 4155 nulla
436 4078 602 4156 historiae
617 4080 700 4155 luce
717 4079 959 4159 collustratam
976 4078 1045 4155 elie
1061 4078 1238 4169 dicemus,

173 4218 290 4293 aqua
318 4193 383 4270 nisi
405 4194 581 4276 materia,
609 4194 743 4291 inqua
775 4195 960 4273 tratianda
989 4191 1159 4281 verseris,
1198 4194 1240 4271 fit

174 4309 417 4411 suppeditata,
461 4318 498 4390 et
529 4306 729 4387 multorum
763 4310 988 4389 saeculorum
1015 4308 1239 4409 experientia

736 4420 817 4517 S'5
1158 4422 1239 4501 bre·
1310 4452 1315 4463 ·
