3200 5225
1165 633 1244 708 tao

176 783 334 860 hensnm
363 781 425 858 est.
498 781 596 858 Ecce
619 777 685 854 tibi
704 781 881 860 translata
905 777 1048 864 omnia,
1082 781 1249 877 quaeue

178 897 306 994 Elyfio
328 895 477 972 sabulati
498 907 603 968 erant
625 908 755 991 poetae
783 917 826 968 nc
845 894 1045 990 sapientes,
1074 895 1114 971 iu
1130 907 1250 970 extre·

176 1035 282 1086 mam
300 1011 496 1108 Hispaniae
519 1031 633 1100 oram.
690 1009 863 1083 Baeticae
878 1030 964 1082 vern
979 1009 1184 1104 opulentia,
1207 1023 1251 1084 vt

176 1128 386 1202 Bocbartus
410 1123 577 1220 putabat,
611 1121 702 1195 nihil
726 1122 884 1219 profesto
909 1122 1105 1197 c'ummuue
1122 1123 1251 1198 habuit

178 1263 266 1314 cum
282 1240 457 1314 Graeciae
472 1237 664 1334 opinionet
692 1239 730 1310 io
755 1259 826 1333 qua
851 1241 924 1312 iam
941 1238 1146 1316 Homerum
1170 1259 1252 1312 ver·

180 1356 298 1430 fatum
316 1351 401 1437 esse,
428 1352 560 1428 Strabo
587 1352 776 1425 contendit
792 1351 862 1426 tio.
878 1355 907 1426 1.
937 1375 974 1450 p.
999 1367 1089 1437 149.
1107 1351 1179 1448 sqq.
1202 1358 1252 1429 ab

181 1468 298 1552 reste,
332 1466 495 1550 dubitem
542 1467 651 1542 etiam
675 1464 829 1560 Odyssea
854 1465 908 1540 Ω»
928 1487 993 1542 11.
1017 1466 1113 1563 seqq.
1138 1465 1254 1540 aduo-

183 1595 278 1658 cato.
305 1581 914 1686 TandemqextremaHisoaniaeora
927 1580 1255 1676 adirietperagrari

183 1694 322 1794 coepit;
346 1696 432 1792 quid
450 1693 557 1770 tum?
583 1689 684 1770 extra
700 1694 910 1790 Hispaniam
931 1697 973 1770 in
990 1693 1138 1769 Oceano
1155 1695 1254 1770 lusu-

183 1814 241 1886 las
266 1810 335 1885 elie
351 1811 441 1884 mira
465 1811 556 1906 caeli
581 1809 716 1904 solique
737 1809 897 1888 bonitate
929 1820 1156 1904 compertum
1180 1807 1251 1891 este

183 1927 312 2022 ltaque
327 1922 454 2000 beatae
472 1925 575 2000 sedes
593 1946 679 1996 mox
698 1924 742 2024 iic
763 1921 1062 2017 suutassignatae.
1120 1923 1252 2021 loquo
1310 1920 1314 1926 ⁴

185 2040 260 2114 iam
282 2037 831 2136 praeiuitHefiudusEen.17r.
852 2053 890 2112 et
901 2038 1077 2116 Pindarus
1089 2037 1127 2126 in
1136 2039 1253 2134 splen·

185 2155 275 2228 dido
299 2154 380 2228 loco
405 2153 549 2249 Olymp.
568 2153 612 2234 ss,
647 2172 736 2238 123.
756 2151 831 2248 sqq.
889 2151 1060 2226 Ceterum
1085 2151 1176 2225 varii
1198 2174 1254 2226 er·

184 2265 297 2342 rores¹
310 2267 543 2342 ciscaterrae
561 2264 737 2360 figuram,
764 2257 803 2338 et
816 2265 1022 2349 Oceanum,
1045 2266 1082 2339 in
1100 2265 1252 2361 paludes

184 2381 350 2458 desinere
365 2405 436 2455 nec
450 2383 606 2456 multum
626 2375 748 2453 versos
761 2379 989 2456 occidentem
1006 2391 1148 2477 patere,
1170 2393 1251 2455 tum
1345 2431 1350 2440 ι

186 2495 329 2573 caelum
347 2507 466 2574 terrae
494 2507 533 2570 et
554 2495 700 2570 Oceano
722 2495 760 2567 io
785 2493 947 2568 extrema
972 2515 1034 2568 ora
1059 2494 1252 2570 imminere
1374 2558 1382 2589 ,

187 2626 229 2687 et
242 2608 451 2687 incumbere
468 2610 601 2697 vistim,
629 2608 697 2685 alia
714 2607 889 2705 figmenta
904 2623 1132 2707 pepererunt,
1154 2633 1252 2707 quae

185 2728 251 2803 hic
273 2741 443 2805 excutere
466 2750 540 2800 non
563 2718 678 2801 uacat.
756 2724 835 2799 Nec
861 2746 946 2799 vero
970 2723 1163 2819 quicquam
1187 2724 1250 2808 est,-
1376 2715 1381 2736 ¹

185 2842 287 2938 quod
303 2862 377 2915 non
392 2864 439 2917 ex
456 2838 623 2915 sabusofis
648 2838 721 2913 illis
742 2830 974 2935 opinionibus
994 2839 1100 2912 sacise
1122 2839 1253 2914 deduci

186 2968 229 3031 et
247 2954 410 3029 illustrari
428 2951 543 3051 posiit.¹
598 2956 650 3029 lta
668 2976 751 3027 cum
766 2952 877 3029 semel
895 2952 1061 3039 Oceano,
1083 2976 1169 3028 mox
1184 2952 1254 3029 flu·

187 3070 292 3147 mine
318 3070 432 3145 Orcus
467 3064 683 3152 ambiretur,
723 3066 854 3164 cymba
884 3080 922 3142 et
946 3066 1130 3142 Charonte
1159 3090 1253 3165 opus

187 3185 272 3263 fuit.
291 3176 429 3282 (Plura
447 3184 494 3257 de
511 3183 568 3257 his
583 3182 628 3284 ad
648 3182 709 3259 lib.
726 3184 787 3260 Vs.
805 3178 989 3278 Aeneid.)
1044 3180 1120 3259 sed
1136 3204 1156 3256 a
1173 3183 1253 3279 pui-

185 3286 381 3395 losophicis
406 3297 604 3372 rationibus
624 3296 825 3371 aiteru‘issa
850 3283 1005 3394 profetia
1035 3294 1086 3370 est
1118 3298 1253 3395 opinio,

186 3428 237 3488 vt
248 3414 285 3487 in
304 3413 462 3495 aethere,
489 3414 525 3487 in
545 3410 734 3497 fluetibus,
759 3407 948 3487 animabus
961 3410 1115 3486 beroum
1130 3411 1253 3489 sedem

192 3528 335 3604 darent.
360 3548 394 3603 v.
410 3548 452 3599 c:
901 3555 903 3559 ·
983 3526 987 3534 ’
1197 3556 1200 3566 ·

305 3690 376 3789 Sed
394 3714 493 3767 comes
519 3688 650 3765 ardenti
674 3717 760 3809 nnnc
785 3688 874 3787 degis
898 3685 1012 3768 innbiu
1037 3683 1203 3781 Corone,
1362 3751 1365 3757 ·

364 3824 465 3931 Nunc
481 3820 613 3907 Helicen
627 3826 768 3922 propius
782 3826 881 3901 cernis
897 3837 928 3901 et
942 3826 1201 3919 Andromedam,
1310 3816 1315 3829 ⁴

351 4042 354 4047 ,
394 3996 399 4007 ·
490 3988 727 4042 nnnuuuu.
745 3968 924 4046 Insonlsi.
947 3994 982 4068 p.
999 3981 1088 4055 188.
1107 3992 1260 4068 n.43r.·

171 4212 174 4219 '
206 4171 207 4185 Ν
307 4196 432 4274 Astera
459 4196 635 4297 suboritur
659 4197 836 4293 quaestio,
860 4200 945 4298 quid
969 4142 1171 4279 Homerum
1191 4204 1254 4281 ud·

191 4312 359 4399 duxerit,
385 4332 436 4420 ‘vt
457 4312 667 4389 Menelaum
684 4313 899 4412 potisiimum
922 4339 966 4391 ex
992 4318 1160 4393 omnibus
1185 4317 1251 4394 be·

1181 4450 1253 4507 rot·
