3200 5225
588 491 871 558 m

1184 535 1283 622 231¹

153 686 323 784 omnium
343 694 494 783 tapnon
512 699 711 782 prouentus
729 697 792 765 aut
809 713 831 760 e
848 685 1033 794 tenneli,
1060 693 1134 771 aut,
1160 689 1258 767 vnde
1273 785 1278 794 ι

161 803 217 880 elle
243 800 392 899 polilt,
442 816 584 875 eterra
613 801 731 904 habet.
792 801 841 878 Vt
868 824 991 877 earum
1017 824 1277 895 peroratum..

161 917 284 1016 quibus
319 917 443 991 vitae
478 915 659 1021 humanae
689 915 916 1022 neceffitates
947 930 985 992 et
1011 916 1256 998 iocunditates

162 1036 441 1115 continentur,
475 1029 556 1104 satis
575 1053 708 1126 magna
725 1047 773 1105 et.
787 1031 976 1121 hominum
995 1031 1067 1108 siue
1082 1044 1253 1115 natorum

166 1146 225 1222 lue
240 1146 533 1224 nasciturorum
551 1163 705 1219 numero
729 1166 792 1239 par
817 1160 854 1219 et
878 1129 1063 1222 suffollura
1089 1149 1192 1244 copia
1213 1161 1251 1225 et

168 1261 395 1338 abundantia
417 1258 530 1346 adsit,
548 1259 687 1336 duabus
704 1257 921 1357 potillirnum
941 1260 1139 1340 rationibus
1154 1261 1248 1341 effici

171 1373 290 1471 potell,
318 1375 491 1472 partim,
529 1373 553 1450 fi
578 1376 705 1470 maiori
731 1396 856 1449 earum
874 1397 1012 1452 rerum
1042 1371 1250 1456 affluentiae

172 1502 203 1563 et
220 1490 382 1565 ubertati
421 1488 649 1575 studeamus,
681 1489 810 1586 partim
841 1488 866 1568 fi
893 1513 1018 1592 earum
1035 1490 1136 1572 vsum
1164 1514 1248 1590 pru-

177 1604 292 1680 denter
322 1619 626 1702 temperemun
668 1605 745 1682 lam
770 1604 867 1702 prior
895 1605 1005 1692 ratio,
1036 1608 1082 1682 ad
1112 1607 1259 1684 intelli·
1388 1656 1394 1666 -

178 1717 340 1812 gendum·
356 1721 537 1818 quidem.
582 1739 757 1815 perquam
782 1718 907 1822 facilis!
922 1719 976 1796 est·
998 1731 1036 1802 et
1057 1723 1243 1824 ‘expedita

179 1831 248 1908 Non
273 1836 407 1920 enim,
424 1821 578 1930 'idquod
604 1855 739 1929 magno
765 1831 885 1910 nostro
907 1833 1002 1911 buno
1021 1834 1083 1921 fit,
1114 1836 1182 1912 hro
1205 1838 1245 1914 iu

181 1944 371 2028 teisluror
394 1947 576 2024 obuersari
597 1950 816 2055 prudentum
845 1949 1129 2049 animissspoteffi
1159 1973 1242 2054 quo,
1266 2005 1271 2014 ·

183 2083 251 2136 mm
275 2064 323 2140 de
345 2066 589 2162 imperiorum
615 2065 775 2160 potentia
797 2061 872 2138 fine
903 2066 1144 2163 comparanda¹
1169 2064 1265 2142 sruu

187 2177 305 2256 tuenda
322 2182 474 2278 agitur3
501 2177 709 2277 praestringi
726 2179 808 2256 ferex
826 2179 969 2255 illorum
983 2180 1120 2255 ,oculos
1143 2181 1244 2256 vide·
1263 2233 1271 2244 -

186 2301 275 2377 mlta,
303 2306 345 2367 vt
363 2319 443 2370 non
464 2319 508 2367 eo
527 2291 751 2388 potentiore's
768 2290 972 2367 existiment
987 2291 1041 2378 se,
1070 2315 1142 2390 quo
1167 2315 1246 2370 ma·

188 2401 232 2477 ius
247 2407 304 2503 ipsr
323 2409 438 2486 robur
454 2409 490 2483 in
505 2408 540 2488 se
558 2403 737 2489 haberium
773 2406 869 2501 quod
889 2407 1080 2482 homiuum
1105 2428 1245 2483 rerum·

193 2539 248 2615 que
261 2525 403 2600 maiore
418 2521 602 2599 affluentia
616 2533 656 2597 et
670 2520 957 2618 prouinciarum,
987 2545 1078 2620 quas
1093 2523 1167 2598 iam
1190 2534 1245 2598 te·

192 2650 288 2723 nent,
319 2639 476 2716 meliore
500 2638 625 2743 cultu,
674 2637 780 2713 facile
805 2651 842 2713 et
876 2637 950 2714 fine
983 2637 1086 2714 bellis
1110 2637 1252 2735 alloqui.
1321 2630 1323 2633 ’

195 2748 333 2843 pollent,
366 2765 434 2831 aut
453 2777 525 2851 quo
557 2752 751 2849 sapientius
775 2750 838 2849 ipfi
862 2751 923 2828 fibi
947 2751 1137 2831 consulant
1157 2750 1244 2830 suls·

195 2882 250 2956 qne
268 2869 482 2946 utilitatibus
503 2880 541 2941 et
555 2866 884 2962 opportunitatibus
899 2889 1006 2964 quarn
1024 2864 1244 2946 callidiffime

197 2987 339 3078 vonum
360 2985 481 3061 sedeo
503 2982 696 3057 validiores
711 2981 863 3079 aliisque
878 2982 1098 3057 metuendos
1113 2980 1148 3057 le
1164 2980 1260 3071 loro,
1397 3076 1400 3081 Ι

200 3108 326 3183 putent,
351 3123 424 3195 quo
445 3100 595 3174 inertior
610 3110 674 3170 aut
690 3094 868 3180 infirmior
888 3108 925 3172 et
939 3095 1081 3174 frastior
1100 3096 1242 3173 vicinus

202 3210 331 3307 quisque
347 3212 389 3289 stt
406 3210 562 3312 populus
579 3222 619 3286 et
631 3212 845 3307 quominus
861 3212 940 3296 alii,
971 3210 1057 3309 quid
1081 3235 1102 3287 e
1125 3234 1164 3285 re
1182 3210 1244 3287 sua

205 3314 252 3405 fit,
270 3326 488 3423 intelligant3
517 3350 612 3410 noo,
636 3324 804 3421 inquam,
829 3326 867 3402 in
883 3326 1074 3402 hominum
1096 3326 1243 3403 illorum

203 3428 371 3517 sollertiam
395 3442 534 3548 cadero
551 3438 665 3516 simile
691 3440 776 3538 quid
798 3438 869 3516 hac
898 3442 937 3516 in
968 3464 1007 3516 re
1031 3439 1170 3539 potest,
1203 3449 1244 3515 vt

206 3543 286 3626 snum
316 3558 488 3660 populum
505 3566 607 3635 tanto
626 3556 800 3631 maiorem
820 3554 1064 3633 necellrtatum
1088 3567 1127 3632 et
1148 3554 1245 3632 vtili·

207 3668 300 3741 utun
314 3673 452 3770 copiam
468 3669 601 3746 babere
615 3683 763 3766 putent,
795 3683 931 3766 quanto
954 3672 1072 3751 maior
1095 3669 1246 3749 alterius

209 3770 305 3876 inopia
334 3786 384 3865 srt.
441 3783 517 3863 Sed
546 3783 738 3859 consensus
762 3783 928 3858 omnium
953 3784 1114 3862 summus
1136 3783 1174 3858 in
1198 3803 1245 3857 eo

213 3887 266 3977 est,
291 3912 479 3984 urorum,
507 3897 636 3997 quibus
654 3897 726 3973 vita
746 3897 963 3975 sustentatur
971 3955 982 3999 ‚
1015 3910 1119 3975 tanto
1135 3894 1249 3971 maio·

211 4020 273 4081 rem
286 4009 477 4091 satietatem
500 4014 577 4090 fore
603 4023 749 4114 putopt,
782 4035 856 4111 quo
880 4015 995 4091 maior
1020 4012 1147 4109 partim
1177 4021 1249 4087 ter.
1304 4098 1306 4109 ,

213 4134 261 4193 rte
279 4128 386 4225 cpltus
404 4128 447 4225 fit
466 4129 697 4227 pluriumque
724 4148 844 4203 rerum
872 4123 914 4209 ac
930 4147 1126 4223 generum,
1156 4148 1249 4223 quae

214 4244 433 4335 namnnou
448 4243 559 4321 modo
576 4242 681 4322 victui
697 4256 735 4319 et
756 4244 889 4332 cultui,
908 4241 969 4320 sed
989 4239 1057 4317 arti
1080 4253 1119 4320 et
1142 4240 1253 4319 intlu-

710 4357 811 4452 ·P4
1145 4353 1257 4436 striae
