<?xml version="1.0" encoding="UTF-8"?>
<!DOCTYPE html PUBLIC "-//W3C//DTD XHTML 1.0 Transitional//EN"
    "http://www.w3.org/TR/xhtml1/DTD/xhtml1-transitional.dtd">
<html xmlns="http://www.w3.org/1999/xhtml" xml:lang="en" lang="en">
 <head>
  <title>
</title>
<meta http-equiv="Content-Type" content="text/html;charset=utf-8" />
  <meta name='ocr-system' content='tesseract 3.04.00' />
  <meta name='ocr-capabilities' content='ocr_page ocr_carea ocr_par ocr_line ocrx_word'/>
</head>
<body>
  <div class='ocr_page' id='page_1' title='image "./opvscvlaacademi03heyngoog/opvscvlaacademi03heyngoog_0011.png"; bbox 0 0 3200 5225; ppageno 0'>
   <div class='ocr_carea' id='block_1_1' title="bbox 145 548 1438 4497">
    <p class='ocr_par' dir='ltr' id='par_1_1' title="bbox 139 548 1438 4497">
     <span class='ocr_line' id='line_1_1' title="bbox 661 548 1314 655; baseline -0.003 -45"><span class='ocrx_word' id='word_1_1' title='bbox 661 548 947 610; x_wconf 52' lang='lat' dir='ltr'>m</span> <span class='ocrx_word' id='word_1_2' title='bbox 1281 583 1314 655; x_wconf 52' lang='lat' dir='ltr'><strong>v</strong></span> 
     </span>
     <span class='ocr_line' id='line_1_2' title="bbox 238 726 1309 858; baseline -0.003 -29"><span class='ocrx_word' id='word_1_3' title='bbox 238 738 546 858; x_wconf 76' lang='lat' dir='ltr'>opportunitas</span> <span class='ocrx_word' id='word_1_4' title='bbox 581 737 926 850; x_wconf 79' lang='lat' dir='ltr'>commentandi,</span> <span class='ocrx_word' id='word_1_5' title='bbox 982 763 1131 827; x_wconf 87' lang='lat' dir='ltr'>verum</span> <span class='ocrx_word' id='word_1_6' title='bbox 1159 753 1204 854; x_wconf 80' lang='lat' dir='ltr'>et</span> <span class='ocrx_word' id='word_1_7' title='bbox 1230 726 1309 847; x_wconf 80' lang='lat' dir='ltr'>&#39;ne-¹</span> 
     </span>
     <span class='ocr_line' id='line_1_3' title="bbox 238 849 1308 969; baseline 0 -27"><span class='ocrx_word' id='word_1_8' title='bbox 238 853 398 944; x_wconf 83' lang='lat' dir='ltr'>&#39;c&#39;effitas</span> <span class='ocrx_word' id='word_1_9' title='bbox 425 849 622 969; x_wconf 77' lang='lat' dir='ltr'>imposita</span> <span class='ocrx_word' id='word_1_10' title='bbox 645 851 736 940; x_wconf 86' lang='lat' dir='ltr'>est:</span> <span class='ocrx_word' id='word_1_11' title='bbox 788 853 1007 969; x_wconf 77' lang='lat' dir='ltr'>eriguntur</span> <span class='ocrx_word' id='word_1_12' title='bbox 1031 852 1085 940; x_wconf 84' lang='lat' dir='ltr'>ad</span> <span class='ocrx_word' id='word_1_13' title='bbox 1114 849 1308 943; x_wconf 68' lang='lat' dir='ltr'>lettionis</span> 
     </span>
     <span class='ocr_line' id='line_1_4' title="bbox 240 962 1310 1087; baseline -0.004 -32"><span class='ocrx_word' id='word_1_14' title='bbox 240 981 284 1056; x_wconf 79' lang='lat' dir='ltr'>&#39;et</span> <span class='ocrx_word' id='word_1_15' title='bbox 298 967 668 1087; x_wconf 84' lang='lat' dir='ltr'>commentationis</span> <span class='ocrx_word' id='word_1_16' title='bbox 676 965 860 1054; x_wconf 91' lang='lat' dir='ltr'>studium</span> <span class='ocrx_word' id='word_1_17' title='bbox 873 968 1103 1055; x_wconf 86' lang='lat' dir='ltr'>multorum</span> <span class='ocrx_word' id='word_1_18' title='bbox 1121 962 1310 1081; x_wconf 58' lang='lat' dir='ltr'>ingenia*</span> 
     </span>
     <span class='ocr_line' id='line_1_5' title="bbox 237 1079 1308 1193; baseline -0.002 -23"><span class='ocrx_word' id='word_1_19' title='bbox 237 1109 349 1192; x_wconf 76' lang='lat' dir='ltr'>quae</span> <span class='ocrx_word' id='word_1_20' title='bbox 372 1081 500 1193; x_wconf 78' lang='lat' dir='ltr'>alias‚&#39;</span> <span class='ocrx_word' id='word_1_21' title='bbox 518 1079 657 1180; x_wconf 86' lang='lat' dir='ltr'>modo</span> <span class='ocrx_word' id='word_1_22' title='bbox 675 1100 847 1182; x_wconf 82' lang='lat' dir='ltr'>naturae</span> <span class='ocrx_word' id='word_1_23' title='bbox 867 1081 1071 1169; x_wconf 88' lang='lat' dir='ltr'>humanae</span> <span class='ocrx_word' id='word_1_24' title='bbox 1093 1079 1308 1168; x_wconf 84' lang='lat' dir='ltr'>imbecilli·</span> 
     </span>
     <span class='ocr_line' id='line_1_6' title="bbox 199 1191 1306 1310; baseline -0.005 -26"><span class='ocrx_word' id='word_1_25' title='bbox 199 1261 201 1266; x_wconf 86' lang='lat'>-</span> <span class='ocrx_word' id='word_1_26' title='bbox 236 1195 350 1306; x_wconf 80' lang='lat' dir='ltr'>tate,</span> <span class='ocrx_word' id='word_1_27' title='bbox 406 1195 542 1283; x_wconf 91' lang='lat' dir='ltr'>modo</span> <span class='ocrx_word' id='word_1_28' title='bbox 577 1191 773 1283; x_wconf 80' lang='lat' dir='ltr'>socordia</span> <span class='ocrx_word' id='word_1_29' title='bbox 803 1192 951 1304; x_wconf 82' lang='lat' dir='ltr'>insita,</span> <span class='ocrx_word' id='word_1_30' title='bbox 1007 1193 1143 1281; x_wconf 90' lang='lat' dir='ltr'>modo</span> <span class='ocrx_word' id='word_1_31' title='bbox 1174 1195 1306 1310; x_wconf 84' lang='lat' dir='ltr'>longa</span> 
     </span>
     <span class='ocr_line' id='line_1_7' title="bbox 237 1306 1305 1425; baseline -0.003 -27"><span class='ocrx_word' id='word_1_32' title='bbox 237 1307 536 1420; x_wconf 79' lang='lat' dir='ltr'>desuetudine,</span> <span class='ocrx_word' id='word_1_33' title='bbox 573 1309 715 1425; x_wconf 83' lang='lat' dir='ltr'>ptimo</span> <span class='ocrx_word' id='word_1_34' title='bbox 730 1311 780 1396; x_wconf 93' lang='lat' dir='ltr'>ab</span> <span class='ocrx_word' id='word_1_35' title='bbox 806 1308 924 1396; x_wconf 86' lang='lat' dir='ltr'>omni</span> <span class='ocrx_word' id='word_1_36' title='bbox 941 1306 1173 1419; x_wconf 84' lang='lat' dir='ltr'>scribendi,</span> <span class='ocrx_word' id='word_1_37' title='bbox 1199 1335 1305 1420; x_wconf 70' lang='lat' dir='ltr'>mont·</span> 
     </span>
     <span class='ocr_line' id='line_1_8' title="bbox 236 1415 1303 1543; baseline -0.001 -31"><span class='ocrx_word' id='word_1_38' title='bbox 236 1425 449 1540; x_wconf 74' lang='lat' dir='ltr'>elegendi</span> <span class='ocrx_word' id='word_1_39' title='bbox 468 1451 555 1543; x_wconf 91' lang='lat' dir='ltr'>quo</span> <span class='ocrx_word' id='word_1_40' title='bbox 588 1428 642 1510; x_wconf 80' lang='lat' dir='ltr'>ue&#39;</span> <span class='ocrx_word' id='word_1_41' title='bbox 664 1445 708 1512; x_wconf 87' lang='lat' dir='ltr'>et</span> <span class='ocrx_word' id='word_1_42' title='bbox 732 1422 1047 1511; x_wconf 86' lang='lat' dir='ltr'>commentandi</span> <span class='ocrx_word' id='word_1_43' title='bbox 1074 1419 1148 1511; x_wconf 88' lang='lat' dir='ltr'>vsu</span> <span class='ocrx_word' id='word_1_44' title='bbox 1165 1415 1303 1511; x_wconf 82' lang='lat' dir='ltr'>effent</span> 
     </span>
     <span class='ocr_line' id='line_1_9' title="bbox 233 1450 1307 1656; baseline -0.002 -30"><span class='ocrx_word' id='word_1_45' title='bbox 233 1535 460 1647; x_wconf 71' lang='lat' dir='ltr'>recessura,</span> <span class='ocrx_word' id='word_1_46' title='bbox 506 1450 731 1654; x_wconf 50' lang='lat' dir='ltr'>pudorque</span> <span class='ocrx_word' id='word_1_47' title='bbox 764 1538 970 1647; x_wconf 75' lang='lat' dir='ltr'>inficitur,</span> <span class='ocrx_word' id='word_1_48' title='bbox 1014 1565 1068 1624; x_wconf 90' lang='lat' dir='ltr'>ne</span> <span class='ocrx_word' id='word_1_49' title='bbox 1091 1537 1209 1656; x_wconf 72' lang='lat' dir='ltr'>quin,</span> <span class='ocrx_word' id='word_1_50' title='bbox 1255 1536 1307 1636; x_wconf 87' lang='lat' dir='ltr'>id·</span> 
     </span>
     <span class='ocr_line' id='line_1_10' title="bbox 235 1649 1303 1771; baseline 0.001 -33"><span class='ocrx_word' id='word_1_51' title='bbox 235 1652 357 1771; x_wconf 90' lang='lat' dir='ltr'>quod</span> <span class='ocrx_word' id='word_1_52' title='bbox 373 1701 375 1704; x_wconf 94' lang='lat'>·</span> <span class='ocrx_word' id='word_1_53' title='bbox 394 1651 513 1740; x_wconf 68' lang='lat' dir='ltr'>doeti</span> <span class='ocrx_word' id='word_1_54' title='bbox 541 1652 724 1738; x_wconf 86' lang='lat' dir='ltr'>hominis</span> <span class='ocrx_word' id='word_1_55' title='bbox 755 1651 927 1738; x_wconf 83' lang='lat' dir='ltr'>nomine</span> <span class='ocrx_word' id='word_1_56' title='bbox 965 1671 1009 1738; x_wconf 88' lang='lat' dir='ltr'>et</span> <span class='ocrx_word' id='word_1_57' title='bbox 1042 1649 1303 1766; x_wconf 83' lang='lat' dir='ltr'>profeffione</span> 
     </span>
     <span class='ocr_line' id='line_1_11' title="bbox 232 1763 1306 1882; baseline -0.002 -28"><span class='ocrx_word' id='word_1_58' title='bbox 232 1764 454 1882; x_wconf 82' lang='lat' dir='ltr'>indignum</span> <span class='ocrx_word' id='word_1_59' title='bbox 479 1763 564 1874; x_wconf 88' lang='lat' dir='ltr'>est,</span> <span class='ocrx_word' id='word_1_60' title='bbox 602 1765 646 1851; x_wconf 93' lang='lat' dir='ltr'>in</span> <span class='ocrx_word' id='word_1_61' title='bbox 676 1765 842 1880; x_wconf 79' lang='lat' dir='ltr'>vulgari</span> <span class='ocrx_word' id='word_1_62' title='bbox 866 1763 1109 1879; x_wconf 85' lang='lat' dir='ltr'>disciplinae</span> <span class='ocrx_word' id='word_1_63' title='bbox 1134 1765 1306 1873; x_wconf 72' lang='lat' dir='ltr'>tradem-³</span> 
     </span>
     <span class='ocr_line' id='line_1_12' title="bbox 154 1879 1301 1997; baseline -0.003 -28"><span class='ocrx_word' id='word_1_64' title='bbox 154 1907 157 1912; x_wconf 86' lang='lat'>·</span> <span class='ocrx_word' id='word_1_65' title='bbox 231 1881 313 1968; x_wconf 85' lang='lat' dir='ltr'>dae</span> <span class='ocrx_word' id='word_1_66' title='bbox 343 1879 497 1968; x_wconf 87' lang='lat' dir='ltr'>ambitu</span> <span class='ocrx_word' id='word_1_67' title='bbox 523 1897 721 1997; x_wconf 82' lang='lat' dir='ltr'>tanquam</span> <span class='ocrx_word' id='word_1_68' title='bbox 760 1882 803 1966; x_wconf 92' lang='lat' dir='ltr'>in</span> <span class='ocrx_word' id='word_1_69' title='bbox 829 1879 944 1965; x_wconf 84' lang='lat' dir='ltr'>mola</span> <span class='ocrx_word' id='word_1_70' title='bbox 977 1880 1301 1993; x_wconf 81' lang='lat' dir='ltr'>circumagenda</span> 
     </span>
     <span class='ocr_line' id='line_1_13' title="bbox 230 1991 1305 2108; baseline -0.003 -25"><span class='ocrx_word' id='word_1_71' title='bbox 230 1996 464 2084; x_wconf 88' lang='lat' dir='ltr'>iumentum</span> <span class='ocrx_word' id='word_1_72' title='bbox 487 1991 529 2080; x_wconf 87' lang='lat' dir='ltr'>se</span> <span class='ocrx_word' id='word_1_73' title='bbox 555 1993 793 2104; x_wconf 85' lang='lat' dir='ltr'>contineat,</span> <span class='ocrx_word' id='word_1_74' title='bbox 839 1992 1113 2108; x_wconf 83' lang='lat' dir='ltr'>opinionibus</span> <span class='ocrx_word' id='word_1_75' title='bbox 1137 1992 1305 2089; x_wconf 91' lang='lat' dir='ltr'>dudum</span> 
     </span>
     <span class='ocr_line' id='line_1_14' title="bbox 145 2105 1300 2225; baseline -0.005 -26.031"><span class='ocrx_word' id='word_1_76' title='bbox 145 2207 148 2216; x_wconf 14' lang='lat' dir='ltr'>A</span> <span class='ocrx_word' id='word_1_77' title='bbox 230 2107 416 2225; x_wconf 79' lang='lat' dir='ltr'>explosis</span> <span class='ocrx_word' id='word_1_78' title='bbox 441 2105 481 2194; x_wconf 86' lang='lat' dir='ltr'>se</span> <span class='ocrx_word' id='word_1_79' title='bbox 501 2107 649 2216; x_wconf 67' lang='lat' dir='ltr'>iuuet,</span> <span class='ocrx_word' id='word_1_80' title='bbox 687 2129 759 2194; x_wconf 82' lang='lat' dir='ltr'>aut</span> <span class='ocrx_word' id='word_1_81' title='bbox 774 2135 962 2222; x_wconf 75' lang='lat' dir='ltr'>paupere</span> <span class='ocrx_word' id='word_1_82' title='bbox 984 2109 1125 2216; x_wconf 84' lang='lat' dir='ltr'>cultu,</span> <span class='ocrx_word' id='word_1_83' title='bbox 1170 2124 1300 2225; x_wconf 87' lang='lat' dir='ltr'>quem</span> 
     </span>
     <span class='ocr_line' id='line_1_15' title="bbox 227 2220 1300 2338; baseline -0.006 -26"><span class='ocrx_word' id='word_1_84' title='bbox 227 2220 473 2338; x_wconf 84' lang='lat' dir='ltr'>amagistro</span> <span class='ocrx_word' id='word_1_85' title='bbox 497 2220 700 2308; x_wconf 87' lang='lat' dir='ltr'>traditum</span> <span class='ocrx_word' id='word_1_86' title='bbox 715 2241 961 2335; x_wconf 79' lang='lat' dir='ltr'>acceperat,</span> <span class='ocrx_word' id='word_1_87' title='bbox 1011 2220 1210 2336; x_wconf 80' lang='lat' dir='ltr'>superbus</span> <span class='ocrx_word' id='word_1_88' title='bbox 1235 2221 1300 2306; x_wconf 80' lang='lat' dir='ltr'>in-÷</span> 
     </span>
     <span class='ocr_line' id='line_1_16' title="bbox 229 2333 1299 2452; baseline -0.006 -26"><span class='ocrx_word' id='word_1_89' title='bbox 229 2337 366 2426; x_wconf 87' lang='lat' dir='ltr'>cedat.</span> <span class='ocrx_word' id='word_1_90' title='bbox 424 2333 517 2422; x_wconf 84' lang='lat' dir='ltr'>Nec</span> <span class='ocrx_word' id='word_1_91' title='bbox 544 2361 651 2420; x_wconf 85' lang='lat' dir='ltr'>vero</span> <span class='ocrx_word' id='word_1_92' title='bbox 679 2333 1046 2449; x_wconf 80' lang='lat' dir='ltr'>euenirepotest,</span> <span class='ocrx_word' id='word_1_93' title='bbox 1080 2334 1183 2452; x_wconf 89' lang='lat' dir='ltr'>quin</span> <span class='ocrx_word' id='word_1_94' title='bbox 1206 2333 1299 2420; x_wconf 79' lang='lat' dir='ltr'>vni:</span> 
     </span>
     <span class='ocr_line' id='line_1_17' title="bbox 229 2447 1296 2568; baseline -0.001 -31"><span class='ocrx_word' id='word_1_95' title='bbox 229 2451 382 2568; x_wconf 73' lang='lat' dir='ltr'>unique</span> <span class='ocrx_word' id='word_1_96' title='bbox 416 2475 504 2535; x_wconf 91' lang='lat' dir='ltr'>non</span> <span class='ocrx_word' id='word_1_97' title='bbox 549 2447 726 2534; x_wconf 90' lang='lat' dir='ltr'>omnino</span> <span class='ocrx_word' id='word_1_98' title='bbox 768 2449 1066 2536; x_wconf 78' lang='lat' dir='ltr'>mercenariam</span> <span class='ocrx_word' id='word_1_99' title='bbox 1117 2461 1296 2564; x_wconf 83' lang='lat' dir='ltr'>operam</span> 
     </span>
     <span class='ocr_line' id='line_1_18' title="bbox 224 2558 1299 2681; baseline -0.007 -26"><span class='ocrx_word' id='word_1_100' title='bbox 224 2565 379 2665; x_wconf 77' lang='lat' dir='ltr'>litteris</span> <span class='ocrx_word' id='word_1_101' title='bbox 403 2558 635 2681; x_wconf 79' lang='lat' dir='ltr'>piaestanti</span> <span class='ocrx_word' id='word_1_102' title='bbox 658 2562 860 2651; x_wconf 86' lang='lat' dir='ltr'>nonnulla</span> <span class='ocrx_word' id='word_1_103' title='bbox 881 2561 1024 2677; x_wconf 82' lang='lat' dir='ltr'>passim</span> <span class='ocrx_word' id='word_1_104' title='bbox 1052 2567 1299 2674; x_wconf 65' lang='lat' dir='ltr'>occurrant5</span> 
     </span>
     <span class='ocr_line' id='line_1_19' title="bbox 225 2675 1293 2799; baseline -0.004 -32"><span class='ocrx_word' id='word_1_105' title='bbox 225 2706 336 2799; x_wconf 87' lang='lat' dir='ltr'>quae</span> <span class='ocrx_word' id='word_1_106' title='bbox 358 2683 432 2773; x_wconf 76' lang='lat' dir='ltr'>aut·</span> <span class='ocrx_word' id='word_1_107' title='bbox 455 2675 663 2785; x_wconf 84' lang='lat' dir='ltr'>subtilius,</span> <span class='ocrx_word' id='word_1_108' title='bbox 694 2702 819 2794; x_wconf 89' lang='lat' dir='ltr'>quam</span> <span class='ocrx_word' id='word_1_109' title='bbox 838 2678 975 2764; x_wconf 89' lang='lat' dir='ltr'>adhuc</span> <span class='ocrx_word' id='word_1_110' title='bbox 997 2675 1155 2765; x_wconf 69' lang='lat' dir='ltr'>fadum</span> <span class='ocrx_word' id='word_1_111' title='bbox 1188 2696 1293 2787; x_wconf 81' lang='lat' dir='ltr'>erat,</span> 
     </span>
     <span class='ocr_line' id='line_1_20' title="bbox 223 2790 1292 2901; baseline -0.005 -19"><span class='ocrx_word' id='word_1_112' title='bbox 223 2793 398 2882; x_wconf 66' lang='lat' dir='ltr'>tractari</span> <span class='ocrx_word' id='word_1_113' title='bbox 420 2793 556 2879; x_wconf 86' lang='lat' dir='ltr'>autin</span> <span class='ocrx_word' id='word_1_114' title='bbox 584 2791 759 2877; x_wconf 86' lang='lat' dir='ltr'>meliore</span> <span class='ocrx_word' id='word_1_115' title='bbox 783 2790 978 2898; x_wconf 49' lang='lat' dir='ltr'>ordines</span> <span class='ocrx_word' id='word_1_116' title='bbox 1002 2792 1163 2877; x_wconf 78' lang='lat' dir='ltr'>maiore</span> <span class='ocrx_word' id='word_1_117' title='bbox 1182 2790 1292 2901; x_wconf 68' lang='lat' dir='ltr'>luce,</span> 
     </span>
     <span class='ocr_line' id='line_1_21' title="bbox 224 2900 1296 3023; baseline -0.003 -29"><span class='ocrx_word' id='word_1_118' title='bbox 224 2904 427 3004; x_wconf 88' lang='lat' dir='ltr'>constitui</span> <span class='ocrx_word' id='word_1_119' title='bbox 443 2900 562 3023; x_wconf 71' lang='lat' dir='ltr'>poss&#39;e</span> <span class='ocrx_word' id='word_1_120' title='bbox 579 2903 748 3013; x_wconf 57' lang='lat' dir='ltr'>videam</span> <span class='ocrx_word' id='word_1_121' title='bbox 777 2903 857 2990; x_wconf 85' lang='lat' dir='ltr'>alia</span> <span class='ocrx_word' id='word_1_122' title='bbox 871 2903 927 2991; x_wconf 87' lang='lat' dir='ltr'>de</span> <span class='ocrx_word' id='word_1_123' title='bbox 946 2906 1096 3023; x_wconf 87' lang='lat' dir='ltr'>quibus</span> <span class='ocrx_word' id='word_1_124' title='bbox 1113 2902 1296 3016; x_wconf 65' lang='lat' dir='ltr'>dubitet,</span> 
     </span>
     <span class='ocr_line' id='line_1_22' title="bbox 225 3014 1438 3139; baseline -0.005 -29"><span class='ocrx_word' id='word_1_125' title='bbox 225 3039 300 3111; x_wconf 87' lang='lat' dir='ltr'>aut</span> <span class='ocrx_word' id='word_1_126' title='bbox 314 3015 683 3139; x_wconf 84' lang='lat' dir='ltr'>quaeedisciplina</span> <span class='ocrx_word' id='word_1_127' title='bbox 699 3017 948 3105; x_wconf 79' lang='lat' dir='ltr'>eliminanda</span> <span class='ocrx_word' id='word_1_128' title='bbox 964 3014 1043 3106; x_wconf 82' lang='lat' dir='ltr'>effe</span> <span class='ocrx_word' id='word_1_129' title='bbox 1060 3037 1206 3134; x_wconf 75' lang='lat' dir='ltr'>putet3</span> <span class='ocrx_word' id='word_1_130' title='bbox 1236 3016 1297 3105; x_wconf 54' lang='lat' dir='ltr'>de*</span> <span class='ocrx_word' id='word_1_131' title='bbox 1435 3081 1438 3086; x_wconf 83' lang='lat'>-</span> 
     </span>
     <span class='ocr_line' id='line_1_23' title="bbox 224 3130 1297 3253; baseline -0.005 -30"><span class='ocrx_word' id='word_1_132' title='bbox 224 3136 415 3253; x_wconf 87' lang='lat' dir='ltr'>his-quae</span> <span class='ocrx_word' id='word_1_133' title='bbox 432 3130 526 3247; x_wconf 89' lang='lat' dir='ltr'>ipse</span> <span class='ocrx_word' id='word_1_134' title='bbox 545 3131 694 3221; x_wconf 86' lang='lat' dir='ltr'>sentiat</span> <span class='ocrx_word' id='word_1_135' title='bbox 718 3132 961 3246; x_wconf 83' lang='lat' dir='ltr'>exponendi</span> <span class='ocrx_word' id='word_1_136' title='bbox 986 3132 1297 3249; x_wconf 80' lang='lat' dir='ltr'>opportunitas</span> 
     </span>
     <span class='ocr_line' id='line_1_24' title="bbox 225 3244 1292 3366; baseline -0.003 -31"><span class='ocrx_word' id='word_1_137' title='bbox 225 3248 301 3336; x_wconf 79' lang='lat' dir='ltr'>uix</span> <span class='ocrx_word' id='word_1_138' title='bbox 321 3246 485 3337; x_wconf 85' lang='lat' dir='ltr'>aliaest</span> <span class='ocrx_word' id='word_1_139' title='bbox 506 3247 640 3361; x_wconf 80' lang='lat' dir='ltr'>magis</span> <span class='ocrx_word' id='word_1_140' title='bbox 659 3264 886 3363; x_wconf 76' lang='lat' dir='ltr'>exoptata,</span> <span class='ocrx_word' id='word_1_141' title='bbox 930 3274 1054 3366; x_wconf 86' lang='lat' dir='ltr'>quam</span> <span class='ocrx_word' id='word_1_142' title='bbox 1082 3244 1292 3363; x_wconf 80' lang='lat' dir='ltr'>prolusio·</span> 
     </span>
     <span class='ocr_line' id='line_1_25' title="bbox 226 3360 1290 3479; baseline -0.006 -28"><span class='ocrx_word' id='word_1_143' title='bbox 226 3390 329 3451; x_wconf 86' lang='lat' dir='ltr'>num</span> <span class='ocrx_word' id='word_1_144' title='bbox 352 3389 490 3477; x_wconf 78' lang='lat' dir='ltr'>genus·</span> <span class='ocrx_word' id='word_1_145' title='bbox 507 3362 621 3472; x_wconf 80' lang='lat' dir='ltr'>hoc,</span> <span class='ocrx_word' id='word_1_146' title='bbox 664 3386 751 3479; x_wconf 91' lang='lat' dir='ltr'>quo</span> <span class='ocrx_word' id='word_1_147' title='bbox 774 3386 901 3447; x_wconf 86' lang='lat' dir='ltr'>vna-m</span> <span class='ocrx_word' id='word_1_148' title='bbox 920 3362 989 3447; x_wconf 88' lang='lat' dir='ltr'>vel</span> <span class='ocrx_word' id='word_1_149' title='bbox 1013 3360 1184 3448; x_wconf 86' lang='lat' dir='ltr'>alteram</span> <span class='ocrx_word' id='word_1_150' title='bbox 1216 3362 1290 3446; x_wconf 91' lang='lat' dir='ltr'>ob·</span> 
     </span>
     <span class='ocr_line' id='line_1_26' title="bbox 225 3472 1290 3585; baseline -0.004 -20"><span class='ocrx_word' id='word_1_151' title='bbox 225 3477 535 3585; x_wconf 63' lang='lat' dir='ltr'>sermionem,</span> <span class='ocrx_word' id='word_1_152' title='bbox 594 3494 667 3562; x_wconf 90' lang='lat' dir='ltr'>aut</span> <span class='ocrx_word' id='word_1_153' title='bbox 697 3501 750 3559; x_wconf 85' lang='lat' dir='ltr'>ex</span> <span class='ocrx_word' id='word_1_154' title='bbox 780 3473 942 3560; x_wconf 80' lang='lat' dir='ltr'>uisitam</span> <span class='ocrx_word' id='word_1_155' title='bbox 968 3472 1290 3562; x_wconf 82' lang='lat' dir='ltr'>animaduersio·</span> 
     </span>
     <span class='ocr_line' id='line_1_27' title="bbox 225 3502 1290 3705; baseline -0.003 -27"><span class='ocrx_word' id='word_1_156' title='bbox 225 3617 348 3701; x_wconf 85' lang='lat' dir='ltr'>nem,</span> <span class='ocrx_word' id='word_1_157' title='bbox 379 3609 451 3677; x_wconf 87' lang='lat' dir='ltr'>aut</span> <span class='ocrx_word' id='word_1_158' title='bbox 465 3616 520 3685; x_wconf 79' lang='lat' dir='ltr'>¹eu</span> <span class='ocrx_word' id='word_1_159' title='bbox 533 3587 737 3675; x_wconf 81' lang='lat' dir='ltr'>interiore</span> <span class='ocrx_word' id='word_1_160' title='bbox 750 3502 946 3676; x_wconf 49' lang='lat' dir='ltr'>doctrina</span> <span class='ocrx_word' id='word_1_161' title='bbox 967 3608 1096 3703; x_wconf 85' lang='lat' dir='ltr'>caput</span> <span class='ocrx_word' id='word_1_162' title='bbox 1113 3584 1290 3705; x_wconf 86' lang='lat' dir='ltr'>aliquod</span> 
     </span>
     <span class='ocr_line' id='line_1_28' title="bbox 225 3698 1290 3903; baseline -0.003 -112"><span class='ocrx_word' id='word_1_163' title='bbox 225 3703 446 3793; x_wconf 82' lang='lat' dir='ltr'>enucleare</span> <span class='ocrx_word' id='word_1_164' title='bbox 465 3702 589 3811; x_wconf 86' lang='lat' dir='ltr'>licet,</span> <span class='ocrx_word' id='word_1_165' title='bbox 614 3721 658 3804; x_wconf 84' lang='lat' dir='ltr'>et</span> <span class='ocrx_word' id='word_1_166' title='bbox 672 3701 818 3821; x_wconf 77' lang='lat' dir='ltr'>quod,</span> <span class='ocrx_word' id='word_1_167' title='bbox 854 3702 951 3903; x_wconf 53' lang='lat' dir='ltr'>&lt;puin</span> <span class='ocrx_word' id='word_1_168' title='bbox 970 3702 1140 3818; x_wconf 90' lang='lat' dir='ltr'>publice</span> <span class='ocrx_word' id='word_1_169' title='bbox 1160 3698 1290 3788; x_wconf 85' lang='lat' dir='ltr'>susce-</span> 
     </span>
     <span class='ocr_line' id='line_1_29' title="bbox 225 3815 1288 4017; baseline -0.005 -112"><span class='ocrx_word' id='word_1_170' title='bbox 225 3838 351 3935; x_wconf 86' lang='lat' dir='ltr'>ptum</span> <span class='ocrx_word' id='word_1_171' title='bbox 374 3815 460 3928; x_wconf 87' lang='lat' dir='ltr'>est,</span> <span class='ocrx_word' id='word_1_172' title='bbox 518 3817 675 4017; x_wconf 68' lang='lat' dir='ltr'>ubipue</span> <span class='ocrx_word' id='word_1_173' title='bbox 703 3816 847 3933; x_wconf 85' lang='lat' dir='ltr'>piures</span> <span class='ocrx_word' id='word_1_174' title='bbox 899 3819 996 3905; x_wconf 86' lang='lat' dir='ltr'>abet</span> <span class='ocrx_word' id='word_1_175' title='bbox 1030 3816 1288 3935; x_wconf 64' lang='lat' dir='ltr'>qui‘legant,</span> 
     </span>
     <span class='ocr_line' id='line_1_30' title="bbox 225 3929 1289 4050; baseline -0.007 -30"><span class='ocrx_word' id='word_1_176' title='bbox 225 3942 353 4050; x_wconf 85' lang='lat' dir='ltr'>quam</span> <span class='ocrx_word' id='word_1_177' title='bbox 378 3930 411 4019; x_wconf 89' lang='lat' dir='ltr'>s1</span> <span class='ocrx_word' id='word_1_178' title='bbox 433 3958 566 4046; x_wconf 87' lang='lat' dir='ltr'>pauca</span> <span class='ocrx_word' id='word_1_179' title='bbox 610 3931 695 4018; x_wconf 84' lang='lat' dir='ltr'>olia</span> <span class='ocrx_word' id='word_1_180' title='bbox 716 3930 794 4023; x_wconf 87' lang='lat' dir='ltr'>suo</span> <span class='ocrx_word' id='word_1_181' title='bbox 821 3929 969 4049; x_wconf 89' lang='lat' dir='ltr'>aliquis</span> <span class='ocrx_word' id='word_1_182' title='bbox 996 3930 1169 4017; x_wconf 87' lang='lat' dir='ltr'>nomine</span> <span class='ocrx_word' id='word_1_183' title='bbox 1203 3930 1289 4043; x_wconf 82' lang='lat' dir='ltr'>pri-</span> 
     </span>
     <span class='ocr_line' id='line_1_31' title="bbox 224 4040 1289 4159; baseline -0.005 -26"><span class='ocrx_word' id='word_1_184' title='bbox 224 4047 358 4135; x_wconf 83' lang='lat' dir='ltr'>uatim</span> <span class='ocrx_word' id='word_1_185' title='bbox 390 4045 659 4159; x_wconf 82' lang='lat' dir='ltr'>euulgauetit.</span> <span class='ocrx_word' id='word_1_186' title='bbox 723 4040 818 4132; x_wconf 87' lang='lat' dir='ltr'>Nec</span> <span class='ocrx_word' id='word_1_187' title='bbox 839 4072 969 4155; x_wconf 82' lang='lat' dir='ltr'>veru,</span> <span class='ocrx_word' id='word_1_188' title='bbox 1011 4042 1289 4132; x_wconf 83' lang='lat' dir='ltr'>fideiicienti·</span> 
     </span>
     <span class='ocr_line' id='line_1_32' title="bbox 225 4156 1290 4275; baseline -0.008 -28"><span class='ocrx_word' id='word_1_189' title='bbox 225 4162 304 4247; x_wconf 88' lang='lat' dir='ltr'>bus</span> <span class='ocrx_word' id='word_1_190' title='bbox 330 4160 407 4267; x_wconf 79' lang='lat' dir='ltr'>iis,</span> <span class='ocrx_word' id='word_1_191' title='bbox 460 4185 567 4275; x_wconf 84' lang='lat' dir='ltr'>quae</span> <span class='ocrx_word' id='word_1_192' title='bbox 594 4157 708 4268; x_wconf 83' lang='lat' dir='ltr'>dixi,</span> <span class='ocrx_word' id='word_1_193' title='bbox 744 4158 1049 4269; x_wconf 70' lang='lat' dir='ltr'>dodioribus,</span> <span class='ocrx_word' id='word_1_194' title='bbox 1099 4156 1290 4271; x_wconf 78' lang='lat' dir='ltr'>uulgaria</span> 
     </span>
     <span class='ocr_line' id='line_1_33' title="bbox 221 4268 1291 4497; baseline -0.01 -134"><span class='ocrx_word' id='word_1_195' title='bbox 221 4272 429 4387; x_wconf 77' lang='lat' dir='ltr'>nonnulla</span> <span class='ocrx_word' id='word_1_196' title='bbox 449 4271 629 4392; x_wconf 85' lang='lat' dir='ltr'>satisque</span> <span class='ocrx_word' id='word_1_197' title='bbox 660 4274 1096 4497; x_wconf 51' lang='lat' dir='ltr'>nepopecoquantur,</span> <span class='ocrx_word' id='word_1_198' title='bbox 1138 4272 1208 4359; x_wconf 86' lang='lat' dir='ltr'>uel</span> <span class='ocrx_word' id='word_1_199' title='bbox 1232 4268 1291 4396; x_wconf 69' lang='lat' dir='ltr'>fio</span> 
     </span>
    </p>

    <p class='ocr_par' dir='ltr' id='par_1_2' title="bbox 299 4404 1300 4497">
     <span class='ocr_line' id='line_1_34' title="bbox 299 4404 1300 4497; baseline -0.004 -25"><span class='ocrx_word' id='word_1_200' title='bbox 299 4440 302 4447; x_wconf 93' lang='lat'>-</span> <span class='ocrx_word' id='word_1_201' title='bbox 541 4410 581 4446; x_wconf 93' lang='grc'>-·</span> <span class='ocrx_word' id='word_1_202' title='bbox 830 4406 855 4497; x_wconf 85' lang='lat'>3</span> <span class='ocrx_word' id='word_1_203' title='bbox 1064 4432 1066 4438; x_wconf 35' lang='grc' dir='ltr'><strong><em>ι</em></strong></span> <span class='ocrx_word' id='word_1_204' title='bbox 1171 4404 1300 4469; x_wconf 87' lang='lat' dir='ltr'>omm</span> 
     </span>
    </p>
   </div>
   <div class='ocr_carea' id='block_1_2' title="bbox 0 0 1604 5225">
    <p class='ocr_par' dir='ltr' id='par_1_3' title="bbox 0 0 1604 5225">
     <span class='ocr_line' id='line_1_35' title="bbox 0 0 1604 5225; baseline 0 0"><span class='ocrx_word' id='word_1_205' title='bbox 0 0 1604 5225; x_wconf 95' lang='lat' dir='ltr'> </span> 
     </span>
    </p>
   </div>
  </div>
 </body>
</html>
