3200 5225
246 1646 250 1657 Ι
522 1681 660 1761 Verum
676 1693 796 1768 vteo
825 1664 924 1773 unde
943 1678 1108 1767 deflexit
1138 1679 1264 1756 redeat
1278 1663 1441 1756 sermono-l

304 819 308 826 -
406 764 471 848 e'x
477 764 744 867 septentrionali
759 761 845 842 nse
862 761 991 840 fines
981 737 1123 895 tmperii
1147 713 1297 842 Romani
1319 763 1434 840 luntin·

411 882 527 982 grelir.
586 883 719 959 Etiam
735 879 1047 982 expeditionem
1036 900 1073 954 ιιι
1099 865 1328 992 Palaestrnam
1351 879 1441 1010 lusce]

406 1007 516 1100 ptam
529 989 702 1072 nonnulla
720 993 892 1070 arborum
911 995 1188 1089 plantarumque
1209 1015 1336 1090 genera
1353 996 1388 1066 a
1391 1017 1441 1066 ue
1440 1051 1441 1118 1

343 1148 345 1153 ·
410 1106 506 1190 tillia
518 1120 701 1188 narratum
728 1107 974 1184 meminimus.
1040 1101 1204 1183 Tandem
1228 1107 1441 1204 frequentibus

279 1306 282 1319 ,
403 1229 507 1304 hisce
523 1226 685 1307 omnium
705 1235 881 1296 terrarum
900 1225 1145 1307 commerciis,
1176 1245 1268 1320 quae
1292 1223 1441 1358 nauigatio

411 1341 638 1418 emendatior
652 1337 755 1422 feeit,
783 1337 821 1410 in
839 1357 945 1410 unam
969 1337 1151 1432 Europam
1178 1339 1336 1412 omnium
1355 1305 1441 1410 terra·

405 1453 803 1559 rumlpopulorumque
825 1449 919 1526 bona
943 1474 986 1526 ac
1006 1452 1100 1528 maia
1118 1451 1345 1529 influxerunt.

391 1797 500 1886 bier,
512 1798 821 1895 primassrugum
844 1787 1060 1892 generisque
1080 1795 1171 1872 adeo
1196 1794 1342 1872 humani
1359 1788 1434 1883 origi·

346 1927 351 1938 ‘
409 1936 476 1989 nes
498 1934 614 2008 nuper
627 1935 721 1986 noua
743 1912 883 1984 ratione
898 1910 954 1986 lll.
974 1908 1140 1986 Linnoeur
1153 1901 1226 2009 ’“)
1216 1932 1253 1986 ru
1269 1906 1434 1986 Sibiriaau·

403 2026 504 2101 lirali
526 2023 708 2123 reperiiie
705 2022 775 2102 sabi
798 2023 892 2100 uisus
917 2022 981 2100 eit.
1044 2026 1086 2100 ln
1112 2045 1222 2122 quem
1243 2007 1355 2100 lorum
1378 2035 1441 2092 eun

333 2165 339 2172 ’
401 2142 567 2240 primum
592 2140 846 2225 incideremus,
877 2137 1055 2233 perculius
1078 2137 1244 2216 nouitate
1262 2139 1310 2213 rei
1328 2133 1435 2211 animur

406 2253 581 2332 haerebat
602 2229 824 2351 aliquamdiu
851 2267 888 2328 et
917 2251 1128 2334 subsrliebat.
1187 2249 1441 2338 Obuersabautur

353 2411 356 2416 ·
406 2370 506 2444 enim
524 2391 606 2443 cum
622 2368 734 2443 melta
751 2369 840 2452 alra
870 2379 949 2442 tum
966 2367 1228 2464 disputationes
1249 2371 1348 2462 lupar
1362 2381 1436 2436 mun·

404 2485 497 2566 tium
522 2481 779 2559 Armeniorum
811 2457 905 2576 iugis
927 2505 971 2557 ae
994 2485 1100 2558 uariis
1131 2480 1386 2561 cacuminibus,
1415 2481 1438 2542 et

398 2596 532 2676 dubiae
547 2596 633 2672 inde
654 2597 852 2677 multorum
870 2595 1106 2671 doliorum
1073 2618 1232 2676 utrorum
1258 2597 1306 2673 de
1318 2582 1439 2671 Paradilt

261 2699 264 2708 ¹
396 2716 452 2789 -ad
482 2713 592 2789 maris
617 2711 735 2809 Caspii
757 2712 878 2793 littora
904 2710 969 2785 satu
999 2712 1220 2807 opiniones,
1268 2716 1375 2805 inque
1400 2703 1438 2776 bit

345 2830 349 2834 ’
397 2827 692 2908 ·Schulrlordiana
718 2824 966 2930 deNoaohi'ca
985 2824 1207 2903 habitatione
1230 2827 1268 2903 in
1286 2816 1439 2908 Baiiriana

397 2943 561 3037 ‚regione
579 2941 814 3037 quaerenda,
859 2953 897 3015 et
921 2940 958 3015 id
987 2964 1102 3033 genus
1132 2942 1213 3019 alia.
1275 2942 1439 3017 Enimuero

266 3103 270 3108 -
405 3054 604 3132 subndente
621 3055 820 3151 paullulum
836 3054 907 3129 hoc
929 3056 1041 3131 animi
1058 3068 1219 3139 tumore,
1250 3078 1338 3139 curn¹
1350 3046 1439 3150 paullo

404 3171 615 3265 diligentius
631 3170 921 3266 inquireremus,
952 3162 1160 3266 opinionem
1183 3170 1283 3245 illam
1301 3158 1431 3267 probabi

291 3385 293 3396 Ι
394 3286 506 3362 ,litate
521 3283 579 3360 sua
602 3278 724 3358 carere
738 3282 1041 3377 intelligebamus.
1099 3284 1193 3359 Nam
1214 3286 1367 3381 primum
1387 3274 1430 3375 qul

396 3400 488 3473 .dem
512 3399 548 3497 in
570 3399 819 3493 totageneris
839 3398 993 3483 humani
1015 3398 1216 3495 antiquiore
1230 3398 1372 3477 historia
1390 3416 1425 3467 nu

364 3504 369 3514 ’
393 3514 515 3587 modo
537 3510 626 3588 nibil
643 3535 685 3585 ea
708 3510 839 3597 habet,
871 3534 942 3607 quo
964 3510 1129 3588 firmetur
1153 3528 1216 3588 aut
1239 3517 1287 3587 ad
1317 3508 1416 3610 specie

405 3617 529 3705 saltem
549 3626 704 3719 aliquam
722 3627 797 3701 veri
825 3638 1036 3711 exornetur,
1070 3652 1162 3725 quae
1186 3641 1313 3710 autom
1337 3624 1433 3701 nessa

348 3745 366 3774 ²
402 3743 536 3850 titiano
551 3740 703 3834 imperio
720 3740 870 3817 ectefia
892 3746 934 3815 ac
956 3740 1087 3817 lustina
1112 3730 1328 3840 produntur,
1353 3732 1434 3816 moui

402 3856 487 3933 festa
511 3854 679 3931 videntur
699 3858 799 3949 praui
819 3852 1039 3933 affetlandae
1060 3864 1098 3931 ‘et
1112 3853 1428 3955 rebusaffmganda

402 3968 585 4075 vetustatis
600 3968 864 4090 studiiv'estigia
880 3970 1031 4093 baberet
1061 3964 1328 4051 verumetiam
1354 3966 1420 4047 mul

1377 4084 1427 4161 sun

457 4264 493 4347 e)
514 4196 1424 4354 lnDll'ontatiooea.1ybq.Vpialaelrabitadrrrrrrffitpr

385 4356 390 4363 '
511 4369 589 4417 mou.
603 4349 648 4417 H.
658 4348 744 4419 Nat.
759 4348 951 4437 inliuffiass.
964 4371 1014 4429 ιι
