3200 5225
416 678 420 685 ,
606 557 898 616 =‘
1166 595 1278 670 ‘279

173 735 294 821 adeo,
347 735 533 834 quicquid
565 757 699 836 prauae
733 759 850 810 noxae
887 734 973 812 inde
1003 745 1122 836 ortum
1158 739 1211 817 ¹esi
1235 755 1275 818 et

175 852 261 924 oriri
281 849 410 936 solet,
442 875 600 948 unquam
616 850 774 946 ingenia,
799 851 844 923 ad
863 852 960 926 vitae
985 853 1204 948 elegantiam
1232 872 1270 934 et

174 965 467 1041 humanitatem
486 982 704 1065 comparata,
721 965 971 1040 contaminare
986 969 1129 1064 poterit.

292 1140 419 1224 Quod
446 1165 582 1215 nonum
607 1142 703 1215 vitae
723 1139 923 1216 institutum
939 1142 1077 1218 vtinam
1104 1168 1187 1220 cum
1209 1145 1268 1223 his

178 1251 259 1348 ipsis
284 1256 554 1330 anniuersariis
577 1253 701 1340 sacriS,
734 1279 826 1354 quae
853 1257 973 1341 vohis,
1002 1259 1129 1344 Ciues,
1167 1284 1267 1336 nunc

182 1391 262 1441 cum
297 1371 476 1444 maxime
509 1371 727 1455 indicimus,
772 1365 914 1444 initium
949 1371 1106 1450 habeat!
1153 1398 1264 1471 quam

179 1481 291 1558 fausta
321 1497 365 1559 et
395 1503 483 1558 vere
498 1507 605 1559 aurea
622 1486 713 1559 haec
728 1485 832 1560 nobis
854 1485 917 1560 lux
936 1487 1054 1590 futura
1073 1487 1178 1566 esset!
1210 1491 1270 1595 ltu¹

183 1597 371 1684 demum,
393 1599 563 1697 quicquid
589 1600 680 1673 labis
710 1599 825 1672 vestro
854 1585 978 1674 coetui
1000 1599 1263 1680 nonnullorum

184 1712 474 1787 exitiosorurnet
489 1715 698 1788 vecordium
708 1713 899 1788 hominurn
913 1713 1063 1794 audacie
1079 1715 1259 1818 adspersit,

186 1827 357 1902 elueturl
408 1829 458 1902 ita
487 1830 639 1903 demum
665 1828 755 1903 nihil
777 1832 866 1912 erit,
895 1831 992 1926 quod
1009 1830 1171 1906 felicitati
1194 1857 1260 1907 no·

185 1937 269 2016 lirae
287 1943 478 2017 decedere
496 1931 713 2040 putabimus.
732 2026 737 2034 ¹
773 1945 992 2041 Prosperitas
1005 1932 1167 2040 publica,
1199 1969 1258 2023 res

186 2053 331 2152 imperii,
359 2057 556 2141 florentes,
591 2058 763 2133 successus
778 2060 873 2133 laeti
901 2059 1127 2134 consiliorum
1147 2075 1183 2134 et
1199 2087 1260 2138 cu·

186 2191 302 2246 rarum
332 2166 452 2268 Regis
473 2173 581 2248 nostri
609 2172 851 2269 Augustiffimi
881 2186 919 2248 et
946 2172 1091 2248 Confilii
1113 2176 1261 2249 sanstio·

188 2285 256 2368 τῖες
290 2287 484 2365 Curatoris
501 2287 608 2362 nostri
626 2313 668 2362 ac
686 2287 851 2363 Parentis
868 2300 998 2382 vegeta
1020 2299 1057 2360 et
1080 2280 1258 2364 sufficietis

191 2408 240 2472 tot
226 2402 375 2486 tcuris,
406 2415 462 2475 tot
479 2402 684 2486 laborrbus
714 2401 894 2485 seuerius,
925 2413 962 2474 et
987 2395 1126 2477 nostrae
1143 2403 1259 2480 selrcr
1346 2475 1350 2482 .

189 2515 268 2590 tatis
292 2501 466 2615 pertinax
492 2531 635 2596 etcum
660 2518 765 2592 annis
787 2517 990 2592 increscens
1014 2540 1133 2592 arnor:
1164 2541 1258 2620 quae

191 2648 229 2702 ac
244 2647 383 2728 quanta
409 2632 523 2718 bona,
560 2630 584 2707 sr
610 2633 656 2709 ad
682 2658 724 2707 ea
751 2632 824 2707 hoc
849 2656 962 2707 vnum
990 2632 1187 2729 accesserit,
1218 2647 1258 2709 vt

194 2764 254 2819 vos
281 2747 343 2822 his
378 2748 489 2821 tantis
519 2748 624 2822 bonis
655 2772 730 2821 oon
759 2746 901 2840 indigni
933 2746 1001 2821 else
1032 2722 1251 2824 videamini!

192 2854 357 2953 ligentur
379 2862 462 2938 Deo
485 2863 528 2939 Ο.
552 2864 605 2939 llll.
622 2864 758 2957 gratiae
776 2876 814 2935 et
839 2883 935 2934 noua
959 2870 1043 2934 vota
1067 2858 1254 2956 suscipien-

195 2982 248 3058 tur
272 2977 311 3050 in
350 2978 490 3074 templo
527 2977 759 3059 academico,
805 2998 876 3073 qno
917 2975 1250 3071 pompa'ducetur.

194 3084 344 3167 Praeibit
370 3092 478 3166 verba
499 3091 671 3165 Decanns
695 3090 839 3168 Ordinis
856 3090 1084 3164 Medicorum
1107 3087 1253 3186 Specta-

195 3196 267 3278 bilis
282 3197 322 3305 *)
349 3207 443 3283 inter
464 3206 637 3281 sollennia
656 3206 821 3280 creandis
838 3204 944 3278 nouis
960 3205 996 3278 in
1014 3212 1096 3279 arte
1109 3204 1259 3291 medica
1387 3232 1389 3237 ·

182 3312 400 3395 unctoribus
416 3304 644 3397 institudnda.
704 3322 778 3396 Vos
793 3321 934 3415 itaque,
966 3317 989 3394 fi
1014 3343 1083 3395 nos
1108 3320 1249 3406 amatis,

195 3436 281 3523 quod
296 3426 432 3533 >vtique
455 3436 589 3520 facitis,
630 3432 848 3510 Illustriffimi
874 3434 1058 3515 Comites,
1088 3433 1251 3509 Gener'o·
1270 3432 1301 3467 '⁸

196 3540 299 3625 filsrmi
322 3577 367 3626 ac
382 3550 592 3648 Nobililsrmi
609 3537 920 3633 Cornmilitiones,
950 3549 1159 3645 frequentes
1189 3550 1251 3623 ad·

197 3659 271 3748 este,
300 3666 393 3740 bona
414 3665 582 3740 acfausta
602 3663 848 3757 verbodicite,
879 3664 972 3739 Ρ.Ρ.
993 3664 1135 3743 d.XVl.
1147 3662 1248 3761 Sept.
1372 3740 1376 3751 ,

197 3772 472 3862 cloloccccxvr

249 3939 962 4033 ⁹)PhilmGeScscrdderv.s1fel.Anz.1766.
986 3941 1227 4025 P·1233·3⁶·
1312 3948 1318 3985 r
1391 3930 1394 3939 “
1444 4020 1445 4033 ¹
