3200 5225
520 647 524 653 .
584 609 868 666 Ε
957 659 962 670 .

163 799 410 898 hilaritatem
437 825 481 877 ac
508 799 766 899 festiuitatem,
810 811 984 902 tanquam
1011 797 1257 899 pnlsellionem

163 913 398 990 vestramne
412 939 586 1011 regnum,
616 916 719 992 vobis
734 917 936 993 vindicatis.
994 917 1251 994 inhumanam

165 1044 354 1105 naturam
372 1019 558 1127 peccaret,
596 1053 667 1128 qua
695 1031 843 1128 quidem
869 1054 908 1106 re
935 1033 1076 1107 nullum
1106 1033 1254 1128 grauius

166 1143 226 1219 est
252 1145 494 1240 sacrilegium,
517 1146 579 1244 qui
600 1144 702 1221 vobis
721 1139 784 1223 illa
798 1158 964 1244 ereptum
989 1147 1069 1222 iret.
1128 1148 1255 1222 Enim-

166 1279 271 1334 vero
288 1283 418 1356 regere
441 1261 503 1334 illa
515 1273 562 1347 ⁴et
578 1257 1085 1358 ordinare,”circumscribere
1101 1270 1139 1333 et
1160 1273 1254 1335 tem·
1337 1251 1344 1264 '

165 1378 331 1472 penate,
362 1374 432 1447 boc
449 1373 518 1460 est,
535 1377 632 1472 quod
661 1376 761 1470 leges
783 1375 941 1458 faciunt3
969 1375 1060 1460 boc,
1090 1373 1253 1472 quisquis

167 1487 289 1563 vestri
303 1487 562 1564 amantillimus
577 1489 640 1573 est,
668 1490 765 1566 facit.
812 1489 905 1564 Cum
923 1503 1046 1566 autem
1064 1489 1144 1574 alia,
1175 1489 1253 1587 qui-

168 1601 250 1680 bus
274 1603 387 1679 animi
405 1602 505 1678 refici
522 1617 560 1679 et
577 1605 730 1680 recreari
750 1603 898 1698 poliret,
929 1617 1013 1690 aut,
1042 1616 1081 1678 vt
1101 1603 1140 1679 in
1164 1605 1254 1680 ciui-

168 1717 318 1792 tatibus
340 1718 575 1804 academicis,
605 1742 674 1796 nec
690 1717 799 1792 nostri
816 1717 969 1812 aibitrii,
1005 1741 1073 1792 nec
1092 1717 1128 1792 in
1147 1728 1251 1815 pote.

166 1831 272 1906 state
286 1831 404 1906 nostra
424 1830 487 1907 fita
508 1831 599 1919 slut,
630 1845 694 1906 aut
707 1834 910 1907 litterarum
927 1832 1050 1908 studiis
1066 1830 1251 1928 refragen-

169 1956 257 2033 tur,
297 1945 477 2024 necbene
500 1971 584 2022 cum
606 1947 682 2021 otio
706 1946 891 2022 Musarum
914 1945 1156 2031 conueniant,
1186 1955 1251 2023 aut
1354 1974 1359 1984 ¹

172 2061 408 2135 abutentium
430 2062 598 2158 prauitati
623 2075 662 2137 et
682 2064 866 2158 nequitiae
883 2073 1055 2158 patratam
1085 2083 1170 2134 ecce
1187 2083 1250 2157 pa-

172 2174 388 2250 ratiffimum
414 2176 516 2252 uubis
542 2192 580 2251 et
605 2177 813 2252 tutiffimum
837 2173 1121 2271 exquilitillrmae
1146 2175 1250 2250 volu·

172 2292 290 2388 ptatis
310 2289 483 2375 statium,
519 2291 776 2367 humaniorum
800 2289 1003 2366 litterarum
1032 2298 1069 2360 et
1102 2288 1250 2382 elegan-
1370 2290 1424 2344 Τ

173 2406 271 2479 tium
288 2406 417 2499 artium
434 2394 571 2487 studia,
622 2404 759 2490 Quibus
782 2425 894 2499 quum
917 2426 986 2478 nec
1009 2414 1109 2476 aetas
1131 2400 1248 2485 uestra

173 2542 310 2595 vacare
334 2519 484 2603 debeat,
515 2544 585 2595 nec
603 2537 677 2595 'vos
700 2518 774 2593 fine
801 2519 848 2592 iis
872 2517 966 2594 rette
989 2518 1026 2592 in
1051 2517 1123 2592 vlla
1145 2515 1255 2592 disci*
1380 2509 1382 2520 ’

174 2636 279 2733 plina
314 2635 528 2710 addiscenda
565 2634 695 2711 versari
729 2647 792 2708 aut
825 2634 887 2707 ulli
919 2634 1015 2709 vitae
1050 2630 1169 2707 officio
1203 2654 1248 2710 ac

173 2750 323 2827 muneri
346 2749 547 2826 satisfacere
569 2761 639 2825 aut
667 2749 826 2844 aliquem
851 2748 1026 2828 idoneum
1051 2746 1146 2821 vitae
1172 2744 1249 2819 cul·

173 2874 258 2939 tum
285 2865 469 2961 animique
493 2864 588 2939 bene
621 2860 814 2962 temperati
839 2859 1096 2942 constantiam,
1126 2869 1162 2933 et
1194 2875 1247 2923 w-

176 2970 330 3068 ταξῑαν,
357 2978 486 3076 aliequi
519 2975 672 3077 poilitis,
714 2998 822 3073 quam
852 2974 1035 3073 praeclare
1057 2972 1247 3047 vobiscum
1293 2976 1299 2985 '

176 3096 322 3190 agitur,
366 3097 454 3170 dum
479 3093 582 3169 srmul
610 3092 731 3167 omnis
766 3110 878 3185 purae
910 3101 948 3164 et
976 3084 1147 3163 honestae
1180 3088 1247 3161 de·

176 3209 380 3286 letiatiouis
402 3209 504 3305 copia
533 3208 572 3283 in
601 3206 734 3283 iisdem
762 3203 886 3279 studiis
919 3200 1021 3285 uobis
1046 3200 1244 3307 apporqitut

176 3336 214 3399 et
241 3324 467 3425 propinatur,
543 3320 793 3404 Seuerioribus
810 3412 812 3415 Ι
829 3318 950 3394 studiis
980 3314 1087 3393 fellus
1123 3325 1245 3414 torpet

174 3420 357 3516 animus?
408 3461 483 3513 non
512 3436 584 3511 iam
615 3434 852 3536 postulamus,
891 3447 931 3510 ut
954 3456 975 3507 a
1002 3428 1158 3530 Digestis
1187 3452 1244 3505 re·

174 3555 292 3629 duces
314 3554 447 3628 iterum
482 3553 547 3628 otii
573 3564 610 3627 et
635 3549 746 3626 animi
777 3546 891 3624 raulla
924 3548 969 3622 ad
1000 3542 1146 3639 Digesta
1179 3544 1245 3619 ad·

174 3667 309 3743 voletis
332 3681 435 3743 etex
465 3666 509 3742 iis
536 3666 699 3741 animum
725 3664 907 3739 recreetis.
972 3658 1048 3735 Sed
1075 3682 1172 3735 nunc
1199 3657 1244 3731 li·
1295 3712 1297 3722 .

174 3782 314 3858 bellum
348 3781 504 3879 aliquem
537 3779 817 3875 elegantiorem,
867 3771 1159 3877 praestantiorem
1185 3768 1243 3845 bi·

175 3896 362 3975 storiarum
389 3896 550 3971 cuiusuis
581 3894 665 3969 aeui
689 3916 733 3969 ac
761 3891 885 3988 populi
915 3888 1126 3970 autimem,
1172 3884 1243 3957 vti·
1274 3958 1278 3967 ,

175 4012 251 4087 lem
287 4011 446 4106 aliquem
484 4022 659 4108 poetam,
704 4004 898 4101 Tragicum
933 3999 1120 4081 sententiis
1160 4018 1242 4093 gra·

174 4148 259 4203 vem
288 4125 395 4201 etad
422 4120 736 4202 adsuefaciendum
759 4119 1004 4207 ⁴humanitatis
1031 4112 1144 4189 sensui
1165 4110 1242 4187 ani·

175 4262 279 4319 mum
303 4240 449 4329 utilem,
488 4240 699 4324 Comicum,
739 4234 836 4312 vitae
861 4234 979 4311 ciuilis
1006 4251 1048 4305 ac
1073 4223 1244 4305 domesti·
1282 4290 1286 4297 .

738 4348 766 4427 S
799 4370 820 4441 3
1172 4360 1247 4415 cae
