3200 5225
562 577 845 648 *dm-
1045 539 1235 710 ⁴'287

166 756 296 848 dicum
311 783 354 850 ao
375 759 615 858 diplomatum
631 762 964 858 cognoscendorum
986 773 1023 838 et
1038 763 1237 844 diiudicari-2

168 877 304 950 dorum
331 888 447 956 artem
471 877 739 964 etlcieutiam,
783 879 1063 976 geographiam,
1099 882 1238 975 nnmisg

169 992 365 1074 matlcam,
400 991 640 1075 heraldicam,
677 1003 716 1067 vt
748 1013 929 1090 quemque
955 994 1145 1088 ingenium
1176 977 1239 1081 seu
1307 987 1330 1083 J

172 1106 345 1182 voluntas
361 1105 490 1191 ferret,
518 1104 679 1182 subtilius
699 1106 958 1200 cognoscerent
974 1125 1011 1184 et
1032 1109 1239 1190 trauarent.

172 1223 282 1308 Quod
297 1221 397 1296 enlm
412 1222 452 1298 in
474 1214 621 1320 reliquis
637 1220 832 1318 disciplinis
849 1223 910 1298 vlu
935 1225 1044 1308 venir,
1071 1226 1137 1313 ut,
1167 1247 1240 1323 quq

173 1335 435 1415 accuratiorem
459 1359 606 1433 operam
638 1337 675 1412 in
700 1338 745 1414 iis
775 1360 912 1435 ponere
936 1337 1150 1425 institueris,
1188 1341 1242 1417 ita

175 1452 440 1544 indies.earum
460 1452 551 1526 lines
568 1452 713 1546 longius
726 1451 899 1535 recedere
915 1465 953 1527 et
968 1454 1077 1551 spatia
1099 1455 1261 1554 prospe·.

175 1566 345 1664 stumque
359 1556 477 1640 multo
499 1568 607 1641 latius
626 1587 734 1664 quam
758 1567 874 1664 primo
896 1568 1242 1663 aditu-cogitatione
1274 1597 1277 1606 ⁴

177 1705 437 1778 praeceperas,
465 1680 747 1778 paterelentias,
776 1683 815 1756 id
840 1682 956 1758 multo
975 1685 1100 1758 euenit
1123 1685 1243 1780 magis
1372 1737 1374 1748 ·

177 1797 213 1873 lo
237 1796 404 1882 historia,
435 1797 494 1871 vbi
511 1822 530 1870 a
549 1795 697 1892 lingulis
715 1796 856 1894 populls
875 1795 1087 1894 etimperils
1101 1799 1146 1873 ad
1164 1798 1244 1875 vni·

177 1912 316 1987 versum
338 1925 455 2008 genus
477 1911 680 1988 humanum
708 1907 935 2006 procellerlss
975 1933 1044 1990 nec
1068 1913 1246 2009 cognitio,

179 2051 262 2105 nem
284 2026 381 2102 reste
406 2024 540 2105 institui
568 2025 663 2125 poue
685 2025 1139 2126 facileperspicias,uls1,
1168 2053 1245 2108 non

179 2144 286 2218 modo
318 2143 467 2236 ingenia
499 2142 734 2240 populorum,
764 2164 906 2227 mores,
935 2145 1044 2227 ritus,
1073 2143 1244 2247 instituta,

180 2257 298 2354 leges,
329 2267 444 2339 artes,
474 2279 606 2356 opera,
636 2269 675 2332 et
697 2263 935 2352 quaecuuque
953 2256 998 2331 ab
1021 2256 1160 2350 ingenii
1178 2259 1245 2332 hu·

180 2374 276 2448 mani
301 2372 337 2447 vi
362 2370 659 2472 proficiscuntur,
697 2370 942 2464 cognoueris,
979 2381 1106 2446 verum
1134 2371 1247 2467 etiam

181 2488 238 2564 illa
261 2480 493 2582 indag'aueris
513 2498 551 2561 et
566 2485 723 2568 erueris,
747 2506 847 2580 quae
865 2508 989 2561 earum
1008 2471 1255 2582 rerumcausq

182 2602 232 2678 las
251 2601 425 2703 praebere
449 2601 582 2687 solent,
624 2600 861 2699 inprimisque
888 2601 979 2677 caeli
1007 2603 1142 2701 solique
1166 2626 1271 2685 mou,

181 2740 274 2805 rem,
303 2729 488 2799 naturam,
518 2739 670 2792 mouera
686 2731 723 2794 et
746 2714 942 2802 beneficia,
977 2720 1158 2815 aquibus,
1181 2715 1247 2793 nisr
1289 2716 1295 2741 ‘

184 2846 256 2907 arte
287 2846 326 2907 et
354 2830 498 2907 consilio
537 2832 730 2908 emendata
761 2855 805 2906 ea
836 2829 911 2905 siue
940 2830 1052 2907 eoam
1080 2818 1249 2930 corrupta
1313 2838 1331 2851 ““

183 2947 333 3032 fuerint,
358 2948 482 3036 omnia
501 2947 582 3031 illa,
611 2961 783 3052 tanquam
808 2944 1038 3023 elemiuibus
1057 2946 1148 3033 suis,
1184 2970 1250 3021 ue·

186 3062 323 3138 cellaria
363 3065 502 3137 ratione
536 3061 749 3162 procedunt.
816 3060 871 3156 Vt*
896 3073 1017 3135 autern
1050 3086 1111 3145 ea,
1154 3084 1249 3159 quae

186 3178 291 3252 modo
317 3190 602 3252 commemorata
619 3176 718 3260 sunt,
746 3172 902 3250 historici
919 3174 1021 3251 studii
1040 3176 1251 3273 adiumenta

186 3303 221 3365 et
242 3290 413 3389 praefidia
434 3290 610 3364 sodalibus
628 3292 665 3364 in
682 3302 825 3387 promtu
844 3302 881 3363 et
896 3292 942 3362 ad
961 3313 1109 3367 manum
1126 3290 1249 3378 allent,

185 3406 317 3482 liberali
342 3429 447 3505 porro
465 3429 574 3505 opera
593 3429 636 3479 ac
653 3418 738 3479 cura
758 3404 857 3479 idem
878 3400 1028 3501 Collega
1045 3405 1164 3480 noster
1184 3406 1251 3480 ho.
1295 3424 1297 3429 ·

187 3518 420 3596 uoratillimus
442 3544 567 3610 eorum
595 3534 807 3617 apparatum
835 3519 991 3617 aliquem
1015 3520 1188 3597 instruere
1212 3530 1252 3595 et

187 3638 358 3711 adornare
378 3634 548 3721 instituit,
577 3636 892 3732 diplomatumque
911 3634 1021 3723 adeo,
1052 3657 1250 3730 earumque

188 3754 337 3842 partium
365 3736 578 3847 rerumque,
606 3750 755 3845 quaein
780 3751 826 3823 iis
843 3749 1008 3845 inprimis
1033 3750 1176 3848 spellari
1199 3747 1251 3821 so·’

188 3867 285 3951 lent,
320 3878 360 3938 vt
389 3865 660 3947 charasterum,
695 3862 921 3957 figillorum,
958 3848 1253 3959 monogramma

189 3988 278 4065 lum,
311 3993 498 4076 praeterea
528 3978 719 4074 insignium
756 3976 1025 4074 figillornm'que
1056 3975 1253 4072 gentilitio·
1294 4017 1297 4030 ·

189 4117 282 4178 rum,
316 4117 511 4169 nummum
534 4118 577 4168 ac
601 4091 831 4168 monetarum
864 4095 1090 4187 aliorumque
1122 4113 1252 4167 monn.

189 4225 414 4305 mentorum,
453 4232 545 4307 qnae
589 4207 763 4303 historicis
783 4209 1024 4303 argumentis
1057 4205 1171 4279 fidem·
1198 4207 1252 4281 fa·

189 4323 301 4411 ciunt,
336 4346 533 4425 earumque
551 4327 860 4409 tandemrerum,
893 4346 985 4419 quae
1013 4321 1075 4397 soli
1103 4338 1251 4399 naturas

1187 4436 1252 4512 de·
