3200 5225
1214 621 1263 689 tx

196 753 311 846 forte
340 756 451 844 enim
475 753 702 844 consultius
736 755 996 873 habendum,
1049 759 1265 881 srdisper-

195 871 285 959 titis
305 897 384 986 per
410 869 577 984 stragula.
592 867 903 987 disciplinarum
931 896 1086 988 genera
1111 896 1157 967 et
1184 889 1265 995 pet

196 985 370 1073 ordines
393 984 657 1072 academicos
676 987 840 1073 uicibus
858 986 1125 1079 Prolusrones
1147 989 1265 1080 dein-¹

197 1127 299 1214 ceps
337 1096 570 1186 scribantur
610 1097 861 1218 afingulis3
931 1103 1125 1218 inprimis
1168 1133 1267 1197 cum

194 1197 427 1301 litterarum
450 1211 554 1300 illud
574 1239 730 1329 genus,
760 1241 888 1334 equo
903 1212 1154 1308 professoris
1175 1221 1267 1309 elo⁴

196 1328 393 1527 quentia?
416 1327 551 1414 uirtus
576 1348 619 1416 et
642 1355 799 1416 nomen
832 1327 1047 1442 censetur,
1084 1331 1266 1450 discipli

197 1469 261 1528 nrs
285 1441 398 1554 cyci
429 1441 657 1529 academici
687 1441 824 1557 vulgo
853 1445 927 1531 uix
961 1445 1169 1536 accenseri
1200 1439 1266 1538 soa

195 1555 291 1644 leat.
363 1553 514 1671 Neque
540 1555 869 1670 improbandum
904 1558 1137 1650 institutum
1160 1559 1266 1651 illud

196 1669 404 1780 dicerem,
439 1672 473 1760 sr
497 1669 667 1788 quidem
687 1671 899 1769 academia
923 1670 1049 1786 esset,
1088 1702 1195 1794 quae
1218 1675 1266 1763 il-

194 1783 266 1871 lud
290 1785 497 1900 adoptare
522 1779 789 1895 decreuisset,
819 1812 932 1872 nunc
951 1816 1057 1907 quae
1079 1789 1122 1876 in
1142 1816 1274 1891 morc-

196 1919 375 2014 recepto
399 1902 511 1988 bona
551 1898 698 2008 insint,
756 1899 988 1988 uidendum
1020 1900 1091 1996 est
1177 1897 1268 1995 Etsi

198 2013 306 2100 enim
339 2017 387 2100 ab
411 2014 487 2126 iis,
542 2014 616 2131 qui
642 2013 770 2128 primi
799 2042 894 2102 eum
927 2016 1155 2131 induxere,
1209 2016 1299 2106 ad·

197 2125 437 2218 facultatem
470 2127 640 2214 dicendi
674 2128 811 2215 latine
835 2156 884 2215 ac
908 2129 1115 2221 scribendi
1148 2127 1298 2220 forte·

194 2244 343 2328 unicus
361 2240 573 2356 respeclus
591 2243 754 2329 habitus
773 2241 858 2353 est,
888 2244 1111 2333 utilitatem
1125 2263 1268 2332 tamen

196 2367 261 2443 'res
277 2359 405 2446 habet
419 2363 551 2467 hanc,
580 2379 698 2444 utne
719 2356 953 2444 litterarum
970 2357 1266 2448 humaniorum

197 2468 334 2558 studia
364 2470 537 2587 prorsus
565 2469 891 2581 exacadcmiis,
930 2474 973 2559 in
997 2499 1172 2593 quarum
1201 2501 1269 2560 aa

197 2585 308 2699 gulis
336 2583 660 2697 adhaerescunt,
691 2586 883 2697 exulent,
923 2616 1017 2675 cunr
1044 2587 1268 2706 aliquoties

196 2726 455 2814 perannum
497 2721 626 2817 caput
666 2726 722 2787 exx
754 2701 807 2787 iis
840 2701 1015 2820 aliquod
1048 2700 1270 2801 hominum

197 2816 335 2902 oculis
383 2814 629 2903 subiicitur„
677 2811 803 2901 ,Cum
852 2842 992 2929 porro
1035 2842 1165 2903 nemo
1213 2812 1270 2902 ad

146 3004 148 3011 .
197 2928 457 3017 academicae
483 2926 723 3047 disciplinas
756 2925 1042 3017 admittendus
1068 2928 1166 3039 stt,
1190 2955 1272 3019 nec

146 4430 366 4515 ψ’..

196 3042 303 3136 ulla,
323 3047 430 3131 bene
463 3039 639 3131 fundata
669 3037 749 3129 else
783 3040 911 3173 posin
942 3043 1066 3133 ullius
1105 3043 1273 3159 generis

197 3155 420 3269 doctrina,
448 3158 661 3246 litterariis
677 3154 826 3242 studiis
844 3157 921 3245 nisr
939 3156 1109 3245 subnixa
1130 3165 1178 3247 ea
1193 3156 1271 3249 fitz

198 3272 457 3359 credendum
485 3271 567 3381 est,
598 3270 757 3359 nullum
782 3268 906 3357 facile
923 3272 1035 3361 aliud
1051 3298 1272 3387 argumen-⁴

199 3402 289 3473 tum
329 3406 414 3473 tam
443 3412 668 3473 commune
707 3402 751 3473 et
782 3387 971 3473 omnium
1007 3384 1186 3474 sensrbus
1222 3409 1275 3473 acv
1352 3474 1355 3477 ,

198 3500 389 3612 gestibus
409 3498 777 3589 accommodatum
790 3502 972 3614 cogitari
989 3498 1125 3618 polle,
1146 3523 1278 3620 quam-

199 3614 320 3727 quod
349 3616 469 3703 exiis
498 3614 650 3701 litteris
677 3612 859 3729 petitum
885 3613 962 3726 fit,
991 3634 1130 3735 quas,
1159 3632 1275 3701 ante-³

188 3750 326 3843 'equam
350 3728 402 3815 ad
427 3728 689 3843 disciplinam
709 3724 990 3815 academicam
1020 3728 1279 3837 accesimus,-

198 3842 515 3960 degustauimus
542 3870 701 3957 ornnes.
763 3838 868 3957 Quo
894 3844 1033 3931 minus
1117 3840 1276 3931 rvices

198 3982 264 4045 res
285 3958 403 4045 recte
422 3964 609 4073 geratur,
633 3982 789 4045 vereor
807 3962 862 4041 ne'
879 3956 966 4069 insa
989 3986 1041 4045 or
1073 3959 1186 4043 inum
1204 3951 1280 4043 seu-

197 4068 448 4159 iacultatnm
465 4072 508 4158 in
527 4070 751 4159 academiis
769 4068 1001 4186 descriptio
1018 4069 1276 4161 intercedat:

200 4212 287 4299 qua
302 4185 473 4305 quidem
492 4182 776 4301 descriptione
796 4185 1008 4273 interdum
1026 4184 1196 4293 accidit,
1226 4184 1278 4271 vt

200 4299 441 4447 studiorum
469 4298 807 4521 academicoqugn
827 4300 941 4389 rc'cla
965 4300 1078 4391 ratio.
1097 4326 1186 4389 non
1201 4322 1282 4411 pa·⁴

299 4450 302 4459 ⁴
813 4435 838 4524 5-
1157 4434 1283 4497 rum·
