3200 5225
564 663 842 686 ···’···-·’“···
1091 629 1097 642 ’
1157 650 1242 735 283·

175 833 218 886 nc
234 808 432 904 dignitate,
461 803 654 880 verborum
677 803 863 880 honestate
889 827 932 880 ac
956 805 1155 892 venusiute,
1187 817 1245 886 ca.
1377 869 1378 878 ,
1454 815 1455 858 1

176 939 321 1008 serent,
355 925 393 998 in
421 921 530 996 rebus
551 942 641 996 vero
673 919 847 1010 sutilibus.
871 923 1018 1020 cognitu
1050 925 1247 1023 audituque

178 1040 361 1134 indiguis,
389 1036 547 1112 obscuris
560 1036 649 1110 iuris
664 1034 941 1130 quaestionibus,
969 1039 1015 1112 ad
1033 1061 1121 1132 quas
1136 1042 1247 1116 inter·

180 1157 270 1231 dum
293 1165 371 1228 tota
390 1152 555 1227 historiae
577 1150 669 1225 ratio
690 1149 759 1222 suit
781 1169 970 1239 reuocata,
1001 1149 1248 1237 notationibus

181 1269 430 1366 genealogicis
444 1280 483 1341 et
498 1265 714 1340 ceremoniis
728 1282 996 1352 concentuum,
1027 1269 1248 1348 consessuum

182 1397 243 1459 aut
263 1384 498 1465 sollennium,
515 1379 699 1455 barbarico
715 1383 835 1476 potius
852 1381 941 1457 fastu
960 1405 1067 1480 quam
1090 1385 1160 1459 vlla
1176 1386 1250 1460 ele-

184 1498 308 1594 gantia
338 1497 577 1580 notabilibus,
611 1499 892 1591 occuparentur,
923 1489 1097 1574 orationis
1127 1516 1251 1577 aurern

186 1615 349 1711 squalore
364 1626 403 1686 et
416 1611 578 1686 barbarie
592 1609 793 1685 horrerent.
825 1645 827 1652 ·
853 1605 906 1688 Ea
922 1617 992 1710 ipsa
1011 1635 1070 1687 res
1087 1639 1251 1690 non'raro

186 1728 427 1828 prudentibus
451 1714 489 1802 et
510 1725 742 1806 duumviris,
773 1725 835 1821 qui
858 1753 931 1802 nnn
953 1733 997 1802 ad
1017 1753 1164 1806 omnem
1184 1729 1252 1805 hu·

187 1843 373 1918 munitatis
396 1840 538 1917 sensum
562 1838 831 1924 occalluerant,
875 1866 985 1918 omne
1010 1846 1252 1919 recentiorum
1365 1885 1372 1914 i

188 1957 415 2034 historiarum
439 1954 596 2031 studium
616 1955 654 2029 in
677 1935 857 2030 fastidium
876 1957 1084 2033 adduxerat.
1145 1959 1173 2032 li
1192 1976 1254 2034 an·

188 2085 263 2148 tem
289 2074 393 2155 libri,
425 2072 554 2166 quibus
574 2070 611 2144 iu
638 2070 844 2144 academica
868 2073 909 2145 ei
928 2071 1129 2147 scholastica
1154 2074 1256 2151 disci·

190 2190 286 2287 plina
315 2190 359 2259 ad
383 2185 571 2270 historias,
608 2185 858 2283 imprimisque
881 2185 1105 2263 historiarum
1130 2177 1257 2264 orberh

191 2304 408 2376 tradendum
433 2300 644 2382 utebantur,
682 2299 783 2371 nullo
809 2299 916 2396 plane
943 2323 1026 2375 cum
1057 2323 1177 2376 rerum
1200 2303 1258 2376 di.
1385 2341 1389 2346 ·

191 2417 305 2499 sellu,
335 2418 464 2489 ordine
481 2427 518 2486 et
535 2414 691 2486 ,veritate
707 2427 811 2487 erant
827 2415 1043 2514 perscripti,
1072 2417 1170 2490 nulla
1190 2417 1259 2492 vti·¹

192 2533 295 2606 litate
311 2533 356 2603 ad
375 2529 601 2629 prudentiam
621 2529 716 2601 vitae
734 2526 794 2602 seu
824 2529 941 2606 ciuilis
960 2531 1018 2606 seu
1042 2530 1259 2607 domesticae

193 2645 371 2731 instruiii,
402 2646 503 2720 omni
517 2658 639 2717 autem
660 2644 781 2718 indicii
806 2643 974 2721 acumine
992 2660 1030 2721 et
1049 2648 1259 2731 subtilitate,

195 2759 669 2858 grauitateetautioritate,
699 2782 806 2854 quam
827 2761 1012 2834 melioret
1034 2762 1260 2835 consumma·
1312 2792 1319 2801 “
1385 2778 1391 2791 ’

195 2879 262 2952 tior
289 2874 604 2972 philosophia‘sola
634 2870 765 2946 ‘afferre
795 2873 925 2967 potest,
968 2890 1070 2950 erant
1090 2876 1258 2951 destituti.

196 2992 351 3066 Redibat
375 2992 497 3086 iraque
520 2987 674 3063 tessere
701 2988 736 3060 in
760 2988 905 3073 orbem,
937 3003 977 3063 vt
995 3004 1031 3064 et
1053 3004 1261 3089 contemtus

198 3111 274 3181 eius
294 3106 396 3180 studii
413 3102 616 3198 negleslum
636 3115 777 3195 pareret
795 3114 833 3175 et
852 3103 1038 3199 negleilus
1055 3119 1263 3181 contemtus

197 3218 350 3297 caussam
367 3233 406 3295 et
420 3217 686 3293 excusationem
699 3218 858 3292 laceret.
930 3220 1065 3296 Verum
1087 3245 1189 3304 curn,
1223 3232 1265 3297 vt

197 3337 235 3411 in
255 3336 337 3409 aliis
363 3352 489 3408 rerum.
508 3332 668 3414 iudiciis,
712 3333 762 3404 ita
788 3329 897 3407 etlam
932 3334 969 3408 in
995 3336 1063 3410 hac
1087 3338 1133 3411 de
1161 3336 1266 3412 studii

198 3449 353 3526 historici
380 3449 535 3525 utilitate
551 3453 593 3523 ac
609 3446 821 3543 praestantia
850 3446 1129 3538 existimatione,
1155 3450 1267 3527 nube·

199 3567 303 3640 culae
319 3564 463 3639 illae‘ex
481 3561 701 3660 superiorum
724 3561 946 3638 saeculorum
970 3552 1153 3651 barbarie,
1194 3561 1267 3660 (in-

199 3694 254 3755 ter
280 3702 389 3776 qnam
410 3699 541 3752 omnes
569 3676 707 3750 nostrae
727 3677 957 3772 disciplinae,
990 3681 1113 3757 sacrae
1129 3696 1166 3756 et
1184 3695 1272 3777 prce

200 3795 333 3880 sanae,
366 3806 404 3867 et
417 3793 590 3890 pleraque
605 3789 725 3865 nostra
740 3791 919 3877 instituta,
949 3791 1113 3890 inprimis
1138 3795 1267 3869 acade-

201 3910 309 3994 miae,
338 3902 450 3992 iuitia,
479 3906 663 3984 interdurn
687 3908 797 3981 etiam
822 3906 1057 3994 incrementa,
1088 3907 1265 4005 habuere)
1377 4000 1381 4005 Ι

200 4046 323 4101 rerum
345 4023 485 4097 veritati
501 4020 695 4106 obduiiae,
727 4021 856 4118 partim
874 4018 1118 4119 philosophiae
1137 4026 1267 4119 partim

199 4140 457 4217 humaniorum
475 4136 740 4233 disciplinarum
768 4136 971 4235 artiumque
995 4151 1165 4234 tanquam
1186 4138 1268 4215 luce

200 4254 314 4329 essent
343 4252 544 4368 dispulsaeza
584 4252 712 4327 melior
736 4233 846 4326 etiam
871 4254 908 4329 iu
932 4250 1126 4327 academiis
1151 4254 1266 4355 studio

198 4369 368 4447 historico
393 4370 458 4445 lux
482 4364 625 4448 affulsit.
701 4368 875 4467 'inprimis
904 4378 1027 4444 autem
1058 4371 1267 4447 academiae

1199 4506 1270 4561 'no-
