3200 5225
366 735 1351 852 ritadiscesserirrzlsdonenmsatisrvereeepicit'car'minis
1364 766 1425 836 ira·

363 889 470 953 rurae
484 882 737 969 argumentum
753 869 901 967 reperiri
917 865 1036 966 posse:
1062 874 1190 944 verum
1207 870 1247 946 in
1255 871 1423 950 Homero

365 991 492 1066 saitem
479 1009 620 1064 nemo
637 996 700 1084 ant
725 1002 822 1058 cum
830 981 1040 1059 ¹‚srndrrraur
1044 1005 1128 1060 uum
1143 984 1364 1084 vosupntes
1359 987 1423 1064 atis

366 1126 511 1202 magna
522 1103 637 1177 otium
654 1100 755 1174 snum
772 1096 974 1184 collocabit,
1004 1098 1160 1230 quinon
1179 1099 1348 1234 priseae
1330 1099 1424 1178 istius

268 1250 306 1261 ··
364 1219 487 1302 virae,
523 1228 833 1312 temporumque,
866 1233 969 1310 quae
1004 1213 1143 1310 inipso
1170 1197 1423 1316 iimineritae

363 1330 535 1415 melioris,
558 1331 727 1426 vitaeque
741 1327 927 1425 asperioris
941 1326 1120 1411 confiniis,
1140 1325 1323 1414 effluxere,
1351 1330 1424 1407 sen·

311 1455 314 1461 ’
362 1443 433 1531 sus,
458 1443 660 1542 opiniones,
682 1460 886 1540 moresque
883 1442 1056 1519 induerit
1078 1439 1244 1540 sibique
1233 1455 1287 1518 rte
1299 1443 1423 1521 unuin

364 1572 403 1636 et
426 1560 620 1635 familiares
646 1547 871 1650 reddideritsss
898 1567 938 1632 vt
964 1557 1001 1631 in
1024 1555 1176 1632 heroum
1195 1557 1291 1655 quasr
1305 1553 1423 1634 locum

362 1675 554 1751 succedere
579 1671 724 1806 possm
770 1639 929 1768 Itaque,¹
942 1683 1005 1745 rr
1038 1647 1233 1770 exempsis
1242 1673 1423 1750 nonnuliis

361 1803 525 1873 utamur,
552 1788 653 1883 regia
666 1778 829 1881 dignitas
843 1797 880 1860 et
894 1786 949 1860 ius
965 1785 1118 1880 regium,
1135 1788 1254 1885 quod
1246 1787 1422 1864 nnnstrn-

267 1976 269 1980 ,
360 1925 441 1982 rnnr
455 1918 779 2000 temporummore
789 1911 982 1996 tantopere
991 1899 1176 1988 'abhorrete
1206 1901 1302 1978 rnter
1310 1900 1422 1979 Aen-

359 2017 581 2095 vernulium
597 2014 778 2090 aliudesse
796 2015 940 2097 debuit,
979 2015 1317 2112 quamlcaeicorunr
1331 2019 1421 2095 inter

260 2185 270 2192 ,
359 2131 601 2210 Americanos
624 2128 778 2228 populos
794 2125 880 2202 esse
904 2128 1084 2222 legimus}
1128 2133 1419 2236 qnornnnnmnis

358 2247 591 2323 austoritasa
619 2243 789 2347 sapientia
812 2244 849 2318 in
875 2243 1037 2318 conciliis
1060 2244 1183 2343 popuii
1199 2260 1273 2320 eta
1288 2246 1419 2322 rirtnte
1447 2319 1448 2328 r

354 2361 399 2438 in·
416 2362 519 2438 bellis
535 2359 707 2453 gerendis
722 2357 969 2456 proficiscitur
983 2399 986 2406 ·
1017 2359 1125 2436 Nulla¹
1146 2359 1192 2436 iis
1214 2361 1419 2436 err-tributis

213 2540 216 2543 ,
335 2473 394 2548 ⁴er
419 2471 651 2569 vestigalibus
678 2471 946 2556 emolumenta,
986 2475 1108 2549 nullae
1122 2489 1221 2572 opes
1248 2474 1313 2550 nisu
1330 2498 1419 2572 quas
1447 2519 1448 2556 ;

278 2666 282 2674 q
353 2587 415 2687 ipfi
440 2587 501 2665 fibi
519 2587 687 2688 pararint
746 2585 958 2661 Eorundem
975 2581 1418 2687 praedpuamnuefnsre·

353 2726 441 2799 gum
459 2724 546 2798 pepo
547 2699 565 2798 )
521 2700 621 2777 usu
641 2687 761 2777 locum
792 2701 974 2776 summurn
999 2689 1256 2803 (προεδρίαι)
1245 2728 1283 2781 rn
1311 2706 1416 2783 sacris

351 2811 506 2917 publicis
532 2830 569 2893 et
592 2814 847 2892 communibus
871 2816 992 2916 populi
1019 2817 1150 2915 epulis,
1179 2832 1256 2895 turn
1282 2822 1416 2920 portio·

350 2949 436 3041 nem
469 2931 630 3007 carnium
655 2933 903 3028 praeeipuam.
934 2932 1004 3005 esse
1036 2933 1265 3020 memineris,
1306 2960 1415 3033 quem

347 3068 490 3123 rnorem
502 3069 577 3121 non
593 3046 715 3121 minus
733 3047 828 3119 inter
846 3047 938 3120 alios
953 3044 1139 3131 barbaros,
1167 3060 1207 3123 vt
1220 3052 1316 3147 apud
1332 3052 1413 3129 Cel·

346 3172 423 3247 tas,
455 3161 635 3237 seruatum
666 3156 873 3257 accepimns
890 3150 957 3256 *,)
1000 3184 1075 3238 non
1100 3161 1233 3239 ridebis
1254 3161 1413 3261 Agame·

344 3287 539 3352 iunonem
537 3275 676 3371 regiam
690 3274 907 3372 dignitatern
926 3300 971 3351 ex
997 3298 1042 3349 eo
1063 3276 1231 3374 inprimis
1255 3282 1412 3367 censere,

344 3390 441 3487 quod
465 3372 571 3465 sacris
598 3387 698 3465 fadis
718 3398 771 3465 et
777 3390 895 3487 epulis
910 3388 1085 3467 instrudiis
1110 3392 1216 3489 prims
1236 3408 1413 3473 vocentur

209 3514 218 3528 ,
238 3585 240 3590 Ι
342 3520 452 3600 reges
466 3513 505 3577 et
520 3524 633 3580 ωηο
647 3501 806 3601 vinoque
821 3503 893 3580 sese
908 3504 1076 3604 repleant
1088 3499 1144 3603 (V.
1164 3509 1267 3588 llsad.
1288 3528 1331 3590 Δ.
1347 3532 1409 3605 34·

342 3619 439 3716 seqq
454 3629 492 3691 et
508 3608 591 3715 al..)
649 3610 773 3706 Quid?
801 3632 890 3717 quot
912 3630 1030 3697 totum
1049 3620 1189 3698 beilum
1212 3622 1412 3703 Troianum

187 3723 190 3727 ’
273 3839 281 3853 .
340 3748 416 3811 ιιοιι
430 3733 502 3809 aiio
518 3754 623 3809 more
642 3758 686 3814 ac
700 3734 771 3810 ritu
786 3735 986 3833 susceptum
1001 3754 1045 3809 ao
1060 3733 1200 3831 gestum
1213 3738 1278 3824 esi,
1298 3746 1410 3839 quarn

341 3860 564 4008 quonaone
585 3850 722 3946 regulis
747 3851 928 3931 rariorum
945 3848 1070 3927 Indiae
1092 3853 1309 3953 populorum
1330 3857 1411 3934 soe·

790 3994 793 4003 ·
1071 3992 1076 4001 ·
1231 3996 1234 4005 ·
1320 3970 1410 4051 dere

400 4180 452 4263 )
458 4180 551 4245 Diod
567 4182 606 4254 V
626 4194 677 4254 28
683 4116 749 4245 vus
768 4182 829 4246 alsa
849 4184 888 4247 de
910 4180 1009 4249 Gallie
1029 4183 1287 4251 Ameridnnornra
1313 4187 1407 4253 mori·

445 4259 505 4327 bus
523 4262 674 4328 simillima
691 4267 789 4350 legar
839 4266 890 4333 Sic
906 4270 995 4331 etde
979 4268 1159 4355 eHispanis
1180 4272 1262 4357 apud
1285 4266 1410 4339 Strabo-

286 4390 290 4395 .
407 4365 537 4425 nern,
557 4350 595 4411 de
610 4345 773 4417 Brrtenms
784 4353 867 4436 apud
885 4340 1043 4421 Tacitum.
1104 4406 1116 4421 .
