3200 5225
517 630 577 643 ·⁴
760 623 1042 659 Μ

370 651 467 727 28’
763 660 1041 678 m

428 661 556 755 4,,

896 760 899 773 Ι

370 805 512 883 nostrae
533 802 699 900 smgulari
715 802 836 900 aliquo
850 799 1098 900 prouidentiae
1116 801 1269 880 diuinae
1288 821 1430 880 munere

369 921 540 1016 contigit,
570 935 644 992 uta
667 918 792 1019 primia
816 918 912 992 inde·
931 913 1158 994 incunabulis
1174 917 1348 994 historiae
1369 919 1428 993 llu-

279 1053 284 1058 ·
371 1035 491 1119 dium,
505 1053 509 1065 ·
524 1032 587 1109 etsr
606 1034 696 1108 illud
716 1031 930 1107 monachico
945 1033 1008 1106 illo
1025 1046 1148 1110 vetere
1164 1034 1425 1110 academiarum

365 1147 527 1226 instituto
542 1146 633 1224 classr
650 1145 915 1246 philosophicae
932 1147 1127 1228 adhaerere
1145 1147 1278 1223 iussum
1296 1147 1356 1232 est,
1380 1148 1425 1222 iu·

366 1275 422 1339 ter
440 1265 600 1339 utiliores
627 1274 666 1338 et
688 1261 967 1359 praestanciores
989 1259 1194 1360 disciplinas
1226 1263 1419 1347 referretur,

344 1401 389 1454 xa
414 1379 503 1454 viris
526 1391 649 1466 autern
681 1373 903 1462 uostiffimis,
943 1376 1089 1472 optimis
1116 1389 1153 1452 et
1173 1375 1419 1472 integerrimis,

171 1476 175 1487 ’
277 1513 282 1523 ·
366 1490 519 1570 mirifica
541 1482 767 1603 indulgentia
788 1503 827 1564 et
848 1506 932 1568 cura
955 1490 1210 1588 susciperetur,
1254 1492 1317 1589 qui
1345 1489 1419 1565 illul

364 1605 618 1702 multomagis
641 1619 811 1681 ornarent
830 1607 872 1680 et‘
891 1606 1171 1702 locupletarent,
1204 1607 1248 1708 ¹in
1277 1605 1417 1704 praecla-

364 1743 477 1818 raque
495 1722 578 1796 luce
596 1716 848 1804 collocarent,
873 1719 934 1795 alii
960 1721 1069 1795 etlam
1094 1709 1233 1816 genera
1257 1718 1417 1796 nonnulla

364 1835 551 1920 historiae,
588 1846 652 1910 aut
681 1847 802 1931 partes
827 1844 864 1908 et
887 1834 1029 1930 capita,
1076 1835 1250 1933 peculiari
1272 1833 1415 1910 dotlrim

330 1982 332 1991 ’
359 1967 496 2044 'magna
520 1971 604 2022 cum
626 1948 736 2023 laude
754 1948 948 2028 traderent
971 1961 1008 2025 et
1038 1947 1271 2026 illustrarent.
1329 1949 1415 2033 Quae

362 2066 422 2140 res
446 2067 620 2159 quantum
648 2062 698 2136 ad
716 2061 925 2137 academiae
951 2062 1090 2138 nostrae
1113 2065 1359 2139 celebritatem
1384 2070 1412 2134 et

361 2178 621 2258 accuratiorem
652 2176 808 2274 aliquam
832 2175 1027 2256 studiorum
1049 2179 1297 2272 regendorum
1321 2174 1411 2252 ratio·

359 2291 450 2368 nem·
471 2292 661 2388 profuerit,
699 2313 783 2366 cum
813 2290 936 2388 perse
962 2291 1188 2368 manifestum
1215 2292 1278 2379 fit,
1305 2289 1411 2378 dicere

304 2410 310 2435 ¹
359 2429 458 2496 nunc
480 2406 618 2482 necesse
640 2404 795 2482 nonest.
851 2405 1013 2482 'Omnino
1029 2406 1127 2489 enim
1146 2427 1233 2493 vera
1256 2431 1299 2482 ac
1316 2402 1409 2480 solida

360 2520 625 2596 academiarum
643 2519 724 2594 laus
741 2520 934 2619 famaeque
952 2545 995 2598 ac
1019 2519 1218 2619 splendoris
1245 2503 1410 2621 perpetui·

356 2646 416 2711 tas
443 2630 487 2709 ab
514 2627 740 2711 iis'mauime
769 2635 907 2732 pendet
933 2636 1152 2733 disciplinis,
1195 2638 1343 2735 quibus,
1375 2640 1406 2705 ut

357 2747 515 2827 classrcae
538 2749 621 2826 illae
637 2761 712 2827 tres
722 2749 933 2849 discipliuae
949 2750 1047 2831 reste
1065 2762 1103 2827 et
1118 2750 1254 2828 utiliter
1272 2748 1417 2831 tration,

350 2875 436 2951 atur,
472 2866 671 2943 doceantur
700 2877 737 2941 et
760 2864 1005 2951 addiscuntur,
1043 2877 1154 2963 vtque
1180 2893 1248 2943 eae
1272 2862 1404 2940 omnino

354 3001 541 3065 verarum,
572 2981 737 3075 grauium
753 2989 790 3056 et
808 2979 1047 3055 absolutarum
1066 2980 1270 3079 disciplinal
1271 3002 1329 3055 um
1345 2976 1403 3051 fur·

351 3116 451 3169 mam
469 3096 664 3193 accipiant,
694 3092 878 3176 efficitur.
917 3094 1171 3193 Philosophiae
1195 3098 1400 3195 itaquecum

350 3208 522 3295 mathesr,
552 3208 718 3283 historiae
733 3221 771 3285 et
798 3210 1054 3285 humaniorum
1072 3211 1285 3296 litterarum,
1303 3203 1400 3283 studia

350 3335 487 3419 quanto
509 3325 645 3399 maiore
670 3347 754 3399 cum
768 3323 904 3400 laude
893 3347 937 3401 rn
949 3348 1164 3422 quacunque
1186 3320 1399 3401 uniuersrtate

348 3438 519 3513 litteraria
544 3439 718 3533 vigeant,
762 3462 808 3514 eo
837 3443 956 3534 magis
988 3439 1144 3541 reliquas
1177 3440 1288 3517 etlam
1309 3406 1438 3510 disci·

347 3554 466 3650 plinas
482 3574 612 3627 omnes
626 3552 776 3639 llorere,
807 3563 929 3628 contra
948 3566 1070 3629 autem
1090 3554 1155 3629 has
1180 3570 1217 3631 et
1241 3553 1328 3653 ipsas
1345 3547 1397 3620 de·

345 3665 556 3751 florescere,
586 3666 752 3763 deperire
775 3674 829 3743 et
836 3678 979 3745 tantum
997 3692 1072 3744 non
1093 3670 1256 3769 extingui
1271 3656 1396 3743 necesse

344 3781 421 3869 est‘,
452 3781 596 3879 quoties
622 3782 685 3859 ista
711 3781 825 3859 studia
848 3794 910 3859 aut
941 3784 1052 3859 nullm
1069 3784 1208 3861 honore
1232 3781 1393 3859 habentur

348 3910 414 3972 aut
438 3898 584 3993 ingenia
608 3898 655 3972 ad
680 3922 742 3973 eas
766 3900 943 3975 accedunt
963 3900 1013 3973 iis·
1028 3898 1157 3974 litteris
1180 3912 1217 3977 et
1238 3886 1394 3973 dodriols
1436 3962 1437 3968 Ν

343 4036 418 4086 non
446 4014 529 4088 satia
553 4011 691 4087 imbuta
719 4025 934 4098 eternam,
963 4011 1037 4087 sne
1062 4012 1191 4109 quibus
1214 4014 1250 4089 in
1275 4000 1390 4085 ceteris

344 4124 513 4209 omnibus
530 4127 580 4203 est
595 4127 886 4214 caecutiendum,
915 4138 956 4203 ut
977 4128 1039 4201 uix
1055 4127 1127 4204 ulla
1145 4110 1299 4205 dostrina
1312 4114 1387 4195 iude

290 4248 295 4266 ’
343 4244 543 4337 comparari
560 4239 681 4339 possit,
710 4263 804 4338 quae
818 4242 857 4318 in
873 4242 993 4339 aliqua
1011 4240 1120 4319 laude
1134 4268 1177 4321 ao
1195 4234 1390 4337 dignatione

340 4353 400 4429 frt
406 4353 584 4435 habenda
652 4357 829 4444 Quocirca
860 4357 1065 4473 academias
1089 4357 1253 4438 videmus
1275 4342 1384 4530 philp}

1311 4458 1357 4541 rlr
