3200 5225
484 613 490 620 .
557 603 588 620 V*

568 663 851 680 ,μὴ

209 777 422 876 nun
460 781 671 878 cornu
700 797 1176 890 nansrunnvm

180 927 470 1026 transferentur,
488 943 566 1062 qui,
606 926 653 1016 vt
671 924 1008 1050 mathematicorum
1030 919 1235 1054 discipliua-

182 1081 252 1130 rum
270 1057 398 1131 seuerit
400 1069 495 1130 atem
512 1054 596 1130 cum
610 1058 792 1131 Musarum
809 1053 958 1136 lusibus
960 1085 1053 1156 vous
1068 1066 1236 1140 omnium
1287 1097 1290 1106 ·

182 1169 448 1270 comouritur
458 1149 672 1267 disciplinae
688 1172 928 1250 seueritatem
934 1177 1032 1253 omni
1049 1178 1232 1268 comitate,

183 1286 400 1364 humanitate
421 1297 458 1358 et
479 1285 650 1370 leuitate,
685 1308 754 1386 qua
770 1288 868 1364 idem
887 1279 1070 1366 Musarum
1093 1292 1236 1367 consor·

183 1399 262 1473 tium
288 1400 452 1474 animum
472 1401 552 1474 eius
575 1398 723 1485 imbuit,
753 1397 1018 1508 temperabit.
1016 1405 1177 1492 Quod
1167 1419 1235 1482 ita·

183 1536 242 1610 que
258 1513 381 1588 etvini
396 1508 570 1615 dignitas,
602 1514 761 1588 sommus
782 1539 867 1611 erga
888 1540 954 1592 vos
969 1542 1088 1606 amor,
1118 1519 1235 1618 publi-

183 1652 308 1758 eaeque
320 1627 489 1704 vtllltatis
505 1626 681 1713 studium,
710 1612 856 1740 vestra
856 1646 942 1738 uero
943 1625 1073 1738 pietas
1096 1647 1133 1707 et
1156 1629 1235 1707 offi·
1319 1661 1320 1666 ¹

183 1742 286 1829 cium,
317 1741 488 1842 postulat,
518 1743 588 1818 hoc
603 1742 776 1826 facietis
782 1748 995 1832 ornamenta
1011 1743 1235 1821 Academiae
1331 1735 1334 1741 ⁸

182 1856 278 1932 buius
305 1852 595 1956 splendidissima,
638 1854 803 1932 Comites
826 1849 1086 1946 ΥΥΥΥΥΥΥΥΥΥΥΥΥΥΥΥ,
1101 1873 1139 1934 et
1156 1851 1234 1947 vos',

184 1971 369 2056 natalium,
399 1973 628 2075 ingeniorum
650 1995 693 2046 ac
718 1973 828 2048 virtut
831 1997 891 2072 um
919 1975 1109 2049 decoribus
1133 1997 1240 2084 orna·

185 2084 290 2160 tilbmi
306 2085 485 2170 iuuenes,
509 2100 546 2159 ct
564 2087 780 2184 quicumque
801 2067 894 2162 ΥΥΥΥΥ
922 2087 1038 2186 nostra
1065 2077 1127 2163 aut
1150 2088 1238 2163 coli-

185 2199 224 2274 tis
238 2213 302 2274 aut
319 2200 444 2274 fauore
461 2199 574 2276 vellro
590 2196 862 2329 prosequimini,
887 2213 926 2274 vt
941 2201 1158 2276 sollennibus
1175 2191 1256 2278 his'

184 2313 383 2414 frequentes
393 2313 570 2418 untereffe,
587 2315 731 2400 ‚animis
745 2315 953 2411 linguisque
962 2315 1238 2404 fauerevelms.

286 2459 1238 2610 Ammmmmmmfflwffl

1045 615 1047 622 ¹
1153 647 1230 725 2'9'1
1305 717 1307 728 ,
1400 693 1405 702 .

188 2616 392 2723 pollemus,¹
410 2626 479 2701 nifi‘
495 2648 576 2701 mos
603 2651 624 2700 a
642 2628 836 2702 maioribus
859 2642 1031 2727 acceptus
1050 2630 1099 2703 ita
1117 2628 1238 2713 ferret,
1314 2621 1328 2643 ”
1356 2734 1358 2739 ,
1388 2652 1391 2661 ’

186 2756 219 2815 vt
243 2734 282 2818 in
305 2744 368 2815 tali
384 2742 538 2850 tabula,
578 2742 702 2837 inqua
728 2767 791 2826 ea,
819 2760 956 2837 quaec
980 2738 1241 2817 revestraelle
1282 2806 1284 2816 .
1338 2759 1341 2768 “

186 2857 366 2940 videntur,
397 2860 548 2954 proponi
563 2855 697 2941 solent,
721 2855 774 2931 ‘de
791 2877 831 2929 re
847 2854 966 2950 aliqua
984 2856 1241 2951 undecumque
1373 2876 1375 2883 ·

187 2971 524 3066 petita'dilpnto'tio‘,
563 2968 661 3065 quasi
677 2966 871 3044 ‘corollarii
903 2969 1002 3056 loco,
1040 2970 1256 3057 adiiciatut,

189 3086 280 3168 Quae
296 3105 408 3180 quum
429 3085 491 3158 vix
507 3084 554 3155 de
579 3081 786 3177 quaestione
804 3075 992 3159 recondita
1012 3096 1049 3159 et
1068 3108 1113 3158 ex
1130 3100 1243 3180 pene·

187 3200 327 3275 malibus
356 3210 476 3271 certae
492 3197 643 3272 alicuius
659 3198 900 3295 disciplinae,
923 3198 981 3277 cui
1004 3192 1160 3273 vestrum
1178 3196 1245 3273 ali-
1250 3232 1253 3239 ·

189 3334 248 3406 qua
272 3324 418 3389 tantum
445 3333 527 3408 pars
552 3323 683 3395 vacet,
720 3312 934 3410 depromta,
972 3311 1105 3388 institui
1130 3310 1250 3412 poliit,

189 3426 275 3499 led
264 3452 304 3502 m
334 3425 513 3501 eiusmodi
539 3438 755 3522 argumento
779 3426 1023 3503 consumenda
1052 3424 1111 3511 srt,
1143 3422 1246 3523 quod

189 3556 242 3615 aut
264 3542 455 3625 omnibus,
465 3550 537 3613 aut
555 3540 721 3638 plurimis
738 3540 881 3625 saltem,
911 3542 1100 3650 cognitu
1078 3539 1137 3615 seu
1157 3538 1244 3613 utile

188 3652 240 3727 fen
269 3656 467 3731 iucundum
494 3654 607 3729 videri
632 3653 734 3751 poffit
755 3666 818 3729 aut
835 3648 985 3737 debeat,
1002 3630 1109 3755 (quo
1133 3654 1246 3726 etiam

191 3751 330 3845 consilio
347 3767 529 3866 sapientiis
534 3791 583 3845 mi
572 3766 741 3843 nostrae
757 3768 845 3865 reip
862 3769 1069 3844 conditores
1081 3768 1150 3841 hoo
1165 3761 1247 3839 scri·
1337 3862 1340 3877 ι

190 3886 319 3979 ptionis
339 3901 483 3958 munus
489 3881 527 3966 in
552 3905 617 3955 eos
628 3884 843 3967 contulere,
871 3856 1003 3983 qulbus
1020 3876 1246 3957 humanioris
1306 3976 1309 3982 ⁴

190 3996 366 4073 doctrinae
389 3998 533 4070 curario
560 3996 767 4075 academiis
781 3994 899 4071 nolitia
924 3995 993 4071 elie
1015 3995 1127 4078 solet,
1158 3982 1248 4068 Pro-

191 4111 332 4188 lellores
347 4111 577 4207 eloquentiae
600 4136 673 4188 eos·
683 4098 885 4209 appellanl,
915 4110 1086 4207 quoniam
1112 4104 1248 4185 scilicet
1344 4122 1369 4199 fi

191 4222 253 4302 hoc
269 4228 471 4301 litterarum
497 4246 613 4319 genus
636 4224 855 4301 ac'studium
875 4223 1042 4299 omnibus
1067 4244 1108 4301 ac
1132 4212 1250 4316 fingu-
1319 4255 1326 4271 ¹

191 4335 232 4417 lis
248 4362 444 4419 commune
464 4336 534 4416 effe
554 4338 614 4415 seu
631 4341 805 4527 putabaTnt
831 4340 888 4415 leo
905 4338 1074 4415 volebant
1091 4334 1249 4523 prodpp·

801 4472 823 4529 2
1163 4460 1190 4531 tl
1216 4468 1246 4523 l·
