3200 5225
364 601 370 609 ’
426 639 434 654 κ
572 592 856 660 ξ
1072 640 1076 648 »
1162 631 1244 716 αὸς,

167 780 426 860 celeberrimis
441 780 644 868 instrutias,
673 781 761 864 fide
779 783 825 860 iis
849 783 1042 884 disciplinis
1065 789 1246 887 quaeritur

170 923 277 997 quae
297 901 345 975 ad
367 897 527 974 nobilem
551 897 651 972 illam
673 895 812 973 triadem
828 896 1030 998 facultatum
1053 903 1176 979 referri
1191 905 1246 978 so-

169 1017 277 1102 lent,
307 1016 427 1094 iacere
443 1027 567 1089 tamen
585 1021 623 1087 et
644 1013 744 1119 lenta
763 1011 850 1088 tabe
876 1016 1054 1100 consumi,
1084 1019 1246 1116 quondm

172 1132 330 1227 quidem
347 1130 496 1207 exulant
518 1128 629 1203 exiis
657 1151 723 1202 eae
740 1127 947 1226 disciplinae
962 1144 1025 1204 aut
1048 1155 1157 1227 aegre
1180 1157 1245 1231 po·

172 1243 609 1326 moeriisadhaerescunt,
630 1241 758 1338 quibus
770 1243 915 1318 aluntur
925 1243 1082 1339 ingenia,
1114 1248 1247 1326 etvtin

172 1362 208 1436 se
234 1359 464 1434 descendant
496 1358 638 1453 suisque
664 1357 929 1444 lindiis·vitae,
975 1385 1050 1434 non
1073 1359 1135 1436 soli
1159 1376 1247 1438 vena
1353 1444 1357 1452 ,

174 1475 329 1557 triculo,
348 1473 549 1548 consultum
575 1469 643 1546 else
670 1471 803 1556 velint,
834 1473 1048 1552 excitantur,
1109 1476 1246 1554 Contra

175 1577 341 1684 Georgia
367 1587 483 1663 nostra
511 1583 721 1680 Augustasr
751 1586 850 1660 'inter
877 1593 1246 1684 ceterasacademias
1353 1629 1355 1636 >

174 1731 253 1780 non
267 1704 434 1786 delituit,
465 1701 525 1776 sed
546 1705 726 1779 maturam
748 1699 1007 1788 celebritatem,
1037 1717 1176 1782 matura
1192 1705 1248 1784 in·‘

177 1831 368 1898 crementa
382 1816 523 1901 habuit,
551 1814 649 1888 islam
674 1814 884 1890 felicitatem
903 1841 977 1894 non
999 1829 1072 1893 tuin
1098 1844 1141 1894 eo
1160 1835 1247 1909 unn-⁴
1307 1871 1310 1880 ,

177 1937 329 2032 sequuta
340 1932 401 2038 eli,
431 1925 1125 2028 quodindisciplinissolleunibusviros
1142 1935 1246 2012 nasia
1307 1916 1309 1925 ¹

179 2051 228 2127 est
254 2047 472 2124 douiffimos
497 2057 534 2120 et
556 2040 782 2128 clariffimosss
823 2044 886 2121 etsr
911 2049 1008 2124 enim
1034 2047 1105 2124 hoc
1128 2050 1247 2147 ipsurn'
1277 2109 1287 2130 ,

178 2185 355 2259 magnam
371 2164 446 2237 vim
459 2159 595 2236 adeius
611 2160 858 2236 celebritatem
880 2161 1017 2246 habuit,
1051 2187 1247 2240 commune

179 2291 307 2354 tamen
321 2275 385 2375 ipsr
407 2277 475 2352 suit
496 2293 579 2350 curn
597 2275 676 2348 aliis
703 2274 921 2351 academiis:
950 2287 1077 2352 verum
1102 2279 1183 2374 quia
1204 2277 1247 2352 li·

179 2378 339 2469 beralius
361 2394 398 2466 in
417 2391 479 2466 illa
502 2388 665 2472 habitae,
706 2386 918 2483 diligentius
944 2390 1127 2476 excultae,
1159 2392 1247 2468 viris

180 2506 403 2592 dosiishmis,
431 2505 493 2602 qui
512 2502 665 2599 scriptis,
693 2525 768 2578 non
791 2503 907 2577 modo
918 2503 1156 2592 sessionibus,
1186 2527 1249 2582 eac

182 2623 406 2725 expolirem,
428 2618 615 2695 instrusiae
631 2617 711 2692 sunt
726 2641 793 2693 eae
807 2618 1024 2715 disciplinae,
1055 2622 1249 2718 qnasPon·

180 2739 315 2814 tificius
341 2736 461 2835 stupor
486 2729 572 2808 olir'n
598 2728 815 2828 ignorabat,
869 2734 1070 2809 dominatio
1091 2746 1128 2809 et
1149 2736 1251 2811 stans¹

182 2853 389 2931 obterebat:
420 2848 608 2937 mathesis,
638 2849 804 2937 ianuam,
837 2870 919 2922 cum
944 2847 1250 2943 physscacoteris-

186 2994 257 3067 que
280 2965 475 3064 disciplinis
498 2963 625 3039 exilia
650 2959 791 3045 dusiisr
823 2961 1046 3060 philosophia
1068 2964 1112 3040 ad
1138 2964 1251 3041 vitam

184 3100 221 3160 et
241 3082 361 3157 alium
387 3078 731 3184 dedulia3·litterae
752 3078 986 3160 humaniores
1010 3078 1247 3155 a‘verborum
1370 3092 1374 3103 '

183 3200 294 3297 spinis
319 3197 510 3269 adrerum
536 3205 577 3266 et
602 3192 860 3266 sententiarum
889 3192 1025 3267 fruetus
1048 3188 1251 3281 reuocatae,

183 3314 296 3410 inque
314 3311 372 3386 his
388 3308 557 3396 historica
566 3307 697 3389 studia,
729 3307 774 3379 ad
796 3306 892 3381 vitae
916 3307 1171 3403 magisterium,
1201 3310 1275 3385 ci-'

182 3431 363 3512 vitatum,
393 3425 542 3518 legum,
580 3420 822 3497 institutorum
854 3425 1175 3529 emendationem,
1212 3436 1250 3501 et

185 3544 399 3643 opinionum
414 3563 457 3613 ac
470 3538 648 3613 sraudium
664 3534 912 3635 depulsionem
928 3538 1114 3617 translata.
1279 3540 1282 3547 ’

301 3770 395 3848 Cum
418 3768 541 3864 itaque
567 3765 694 3855 recht
715 3767 897 3864 praeclara
922 3778 960 3839 et
983 3762 1252 3861 exoptatissima,

188 3899 227 3965 vt
247 3886 352 3962 studii
369 3882 523 3959 historici
545 3904 648 3956 amor
663 3884 840 3977 ardorque
857 3903 964 3978 quam
980 3879 1142 3955 latiffime
1159 3880 1253 3977 spur.

189 4018 313 4097 gatur,
344 3999 415 4097 ipsa
432 4009 554 4071 autem
577 3996 742 4072 historiae
758 3994 852 4070 reae
869 3995 1159 4091 cognoscendae,
1182 4008 1253 4069 tra·

189 4119 333 4190 dendae
352 4124 394 4187 ac
411 4113 624 4187 condendae
641 4134 700 4185 ars
715 4122 753 4186 et
769 4113 859 4184 ratio
877 4112 997 4207 paullo
1019 4111 1154 4183 maiore
1170 4108 1253 4197 luca

191 4230 439 4306 collustretnrt
490 4249 666 4323 perquam
702 4225 980 4302 commendabili
1022 4222 1179 4319 prosetio
1216 4236 1255 4299 et

190 4345 367 4421 fruaooso
393 4343 441 4419 ad
469 4342 714 4419 academicam
742 4341 908 4439 inprimis
941 4336 1100 4415 nostram
1127 4340 1255 4415 iuuen-

1200 4462 1257 4528 tu.
