3200 5225
453 659 454 676 ι
548 615 829 672 ........·······-..-.
1138 650 1218 726 347

157 822 229 882 mos
270 800 409 879 nostros
444 785 683 876 recensemus
706 796 983 899 exultantesque
996 795 1147 912 gaurslo
1172 801 1220 878 ad

157 922 297 994 micum
313 907 409 1010 Boni
428 899 593 992 Euentus
610 912 811 1012 Bouaeque
825 916 1006 1020 Fortunae
1022 903 1223 1023 ιιιᾶὀιειιι,”

159 1054 309 1130 eumque
335 1003 695 1124 indulgenriffimum
726 1028 907 1110 DeumO
925 1011 978 1110 Μ
997 1007 1100 1128 grato
1119 1031 1220 1107 seusu

160 1139 315 1246 perfusas
339 1157 486 1250 mentes
507 1143 774 1220 conuertimus.
842 1145 1087 1247 Recordemur
1099 1167 1222 1245 porro
1320 1124 1324 1135 ¹
1358 1157 1363 1167 ·

163 1287 227 1337 nou
256 1260 279 1335 Γ
271 1284 331 1335 ne
353 1229 534 1384 religione
564 1282 606 1332 ac
635 1257 868 1334 retractamus
894 1275 1108 1364 magnorum
1129 1259 1223 1335 viro·

165 1399 234 1451 rum
269 1349 503 1476 memoriam:
533 1373 594 1470 qui
618 1373 724 1487 primi
747 1359 918 1469 sapientia
948 1372 1026 1461 sua,
1063 1372 1229 1450 doslrina-
1268 1466 1271 1470 ¹

165 1490 420 1587 nominumque
439 1469 581 1562 suorum
599 1477 816 1598 celebritate,
847 1487 1113 1564 uniuersitatem
1129 1487 1225 1564 hanc
1282 1545 1287 1556 1

168 1605 333 1690 adeam,
365 1624 434 1698 qua
459 1625 556 1676 nunc
580 1599 704 1684 floret,
735 1599 868 1679 samam
896 1601 1114 1700 laudemque
1139 1627 1226 1677 eue-

169 1741 268 1803 xere;
313 1708 512 1811 eorumque
548 1709 690 1790 consilia
718 1727 755 1788 et
790 1715 968 1802 virtutes,
1018 1715 1235 1792 coniunttas·
1363 1705 1364 1710 Γ

170 1844 286 1928 mutua
304 1829 535 1926 beneuolent
510 1842 558 1903 ιιι
576 1853 617 1905 ac
634 1827 891 1920 neceslitudine
909 1830 1134 1915 voluntateS,
1162 1853 1227 1928 pu·

171 1923 348 2044 blicaeque
375 1969 419 2030 ‚nc
443 1917 649 2019 communis
655 1930 840 2028 vtilitatis
862 1943 1039 2021 ordinum
1063 1944 1228 2020 omnium

173 2061 337 2143 studium,
354 2057 464 2156 quud
488 2083 560 2132 uon
579 2059 625 2131 ad
645 2081 749 2138 eum,
781 2059 840 2134 cui
857 2060 1008 2161 quisque
1032 2059 1233 2155 adscriptus

175 2175 266 2262 esset,
304 2173 478 2249 Ordinem
503 2172 624 2247 omnia
647 2171 826 2257 traheret
857 2188 919 2247 aut
944 2175 1026 2248 suae
1054 2174 1230 2270 cuiusque

175 2288 369 2386 disciplinae
386 2287 447 2362 soli
464 2307 584 2364 rerum
604 2287 778 2360 summam
797 2299 999 2402 arrogaret,
1023 2289 1146 2371 multo
1163 2285 1234 2386 mi·
1340 2273 1344 2282 ¹

177 2428 237 2478 nos
249 2401 396 2488 vtadse,
427 2389 471 2478 ad
484 2402 579 2475 suam
598 2400 773 2498 priuatam
790 2382 925 2476 famam
935 2422 1164 2501 nomrnrsque
1172 2425 1232 2476 ce·

178 2517 370 2592 lebritatem
389 2538 510 2589 rerum
529 2515 703 2588 summam
721 2515 857 2590 referre
875 2515 1019 2601 mallet,
1050 2540 1093 2592 ea
1111 2515 1236 2597 omnia

179 2633 272 2707 nobis
284 2628 441 2729 exempli
462 2624 631 2727 praeclari
647 2630 727 2704 loco
739 2645 825 2708 ante
840 2632 964 2708 oculos
979 2633 1160 2728 ponimus
1190 2632 1235 2706 ln

182 2746 294 2843 primis
320 2747 542 2845 gratulamur
568 2742 789 2821 Academiae
814 2742 954 2819 nostrae
977 2745 1073 2821 viros
1096 2743 1237 2844 meritis

183 2876 213 2935 et
226 2860 436 2937 austeritate
453 2856 673 2955 grauiffimos
691 2882 736 2933 ex
753 2860 796 2933 iis
814 2856 1026 2956 superstites,
1046 2860 1108 2958 qui
1122 2861 1238 2935 Geor·
1257 2916 1260 2920 -

184 2975 253 3069 giae
269 2972 452 3071 Augustae
471 2970 665 3071 primordia
683 2986 721 3048 et
738 2971 953 3053 incunabula
971 2998 1045 3049 uon
1060 2972 1242 3054 modo'ri·
1260 3011 1262 3018 ·

186 3089 322 3175 derunt,
351 3109 478 3163 verum
495 3109 576 3161 eam
596 3086 704 3161 etiam
732 3096 895 3163 teneram
917 3100 956 3163 et
973 3088 1153 3164 infirmam
1177 3088 1241 3164 suo

186 3202 252 3277 sinu
269 3214 508 3298 exceperunt,
539 3198 728 3287 fouerunt,
758 3202 977 3287 educarunt,
1006 3203 1106 3278 etad
1124 3203 1243 3299 digui-

187 3326 288 3393 tatem
306 3318 384 3392 eius
395 3316 603 3411 famamque
618 3314 809 3391 secundam
825 3316 923 3413 apud
935 3330 1080 3393 exteros
1093 3317 1244 3407 firmau-

189 3432 261 3505 dam
274 3432 464 3506 nominum
482 3428 624 3505 suorum
641 3428 926 3527 scriptorumque
940 3430 1149 3509 celebritate
1163 3432 1243 3530 plu·

189 3546 307 3621 rimum
332 3542 540 3620 effecerunt.
634 3544 710 3620 Sed
739 3569 822 3620 cum
844 3546 889 3621 iis
913 3544 994 3641 ipsis
1014 3546 1112 3621 aliud
1134 3545 1245 3623 habe·

191 3680 262 3734 mus
285 3662 421 3743 maius,
458 3655 631 3753 insrgnius
662 3669 700 3732 et
725 3658 996 3735 memorabilius
1020 3660 1200 3737 diuinae
1190 3682 1246 3735 rn-

192 3771 615 3873 dulgentiaeexemplurn
640 3772 995 3869 documentumque,
1025 3774 1161 3873 ipsum,
1191 3773 1248 3848 Γιι

194 3909 314 3979 quam,
340 3886 542 3972 notiorem,
572 3900 760 3983 parentem
794 3910 838 3961 ac
864 3887 1077 3964 nutritorem
1106 3885 1249 3965 Acade·

195 4003 278 4074 miae
300 4000 457 4084 nostrae,
495 3998 761 4076 illustrissimum
779 3999 1051 4104 Muncsrsmfium,
1089 4000 1251 4102 supersti·
1328 4077 1338 4097 Ι

196 4110 284 4200 tem,
315 4118 374 4208 qui
392 4112 521 4189 XXXI.
544 4114 614 4190 hoc
638 4116 919 4191 anniuersarium
945 4118 1107 4192 sollenne
1130 4116 1251 4215 sospes

197 4239 228 4298 et
240 4228 428 4305 incolumis
450 4230 607 4304 viuendu
632 4231 770 4325 attigit,
801 4229 972 4327 suamque
989 4230 1085 4307 hanc
1100 4230 1253 4308 filiolam

198 4345 465 4454 nutritiumque,
505 4365 613 4442 quam
637 4345 720 4443 lpse¹
739 4341 907 4445 suscepit,
937 4344 1097 4447 aluitque
1121 4370 1164 4424 ac
1187 4369 1255 4420 nu·

1142 4460 1253 4548 triuit,
