3200 5225
182 806 267 899 bet,
300 833 441 890 nonae
476 835 621 892 uuums
657 813 889 894 illamam
933 801 1182 911 preparare,
1205 839 1251 908 ,r

182 927 346 1004 libertate
379 933 556 1026 bonaque
594 932 780 1030 disciplina
815 932 1035 1033 profiioirur'r
1067 939 1141 1014 illa
1172 963 1251 1038 cor-

184 1066 264 1144 pora
287 1047 404 1121 durat
427 1065 471 1120 ac
492 1047 655 1130 roborat,
686 1049 934 1147 naufraugit,
953 1053 1113 1156 'animos'
1138 1055 1251 1134 fortes

180 1182 220 1234 ac
235 1163 440 1256 generosos
459 1184 584 1237 amore
602 1163 755 1259 patriae,
777 1155 858 1252 ioli,
879 1165 1095 1260 coniugum,
1121 1167 1252 1246 libero·

182 1295 266 1361 rum,
290 1278 483 1353 tribulium
505 1278 680 1352 incendit,
740 1277 834 1353 Cum
848 1283 975 1377 itaque.
990 1283 1249 1380 infrugaliratc

183 1401 317 1467 tautum
346 1396 530 1468 momenti
556 1415 600 1467 ac
624 1393 755 1469 uirium
780 1396 827 1468 ad
850 1417 1021 1491 magnam
1051 1398 1249 1480 hominum

184 1509 454 1584 multitudinem
470 1509 643 1582 alendam
665 1507 727 1593 fiir
753 1510 910 1608 antiquis
928 1527 1053 1588 autem
1076 1516 1249 1611 tempori-

183 1617 242 1697 bus
257 1623 440 1720 regna'ac·
454 1623 678 1720 respublicas
698 1624 906 1734 nonnullas·
920 1627 1084 1723 inprimis
1111 1631 1247 1706 ciuium

183 1737 400 1815 abundant-ia
419 1736 573 1815 floruiffe
588 1741 661 1814 iam
679 1753 786 1814 antea
804 1741 1018 1825 viderimus,
1040 1740 1106 1818 ,etsi
1125 1746 1169 1819 iis
1192 1768 1248 1823 re·

185 1851 242 1927 bus
265 1879 343 1936 nou
370 1871 596 1952 magnopere
611 1850 855 1941 abundarint,
885 1857 1016 1953 quibus
1040 1881 1139 1934 nuuc
1162 1879 1247 1938 cum

184 1973 335 2044 maxime·
355 1973 431 2046 vita
450 1969 567 2046 nostra
585 1970 762 2045 excolitur
778 1983 816 2044 et
841 1971 1060 2059 adluuntur,
1093 1977 1248 2070 agricul·

186 2093 292 2158 turam
310 2086 397 2160 dic'o
410 2083 672 2170 -artfficialem,
685 2108 689 2114 ’
702 2084 931 2182 -opiliciorum
961 2101 999 2162 et
1021 2102 1247 2166 mercaturae

186 2193 329 2293 plurima
348 2220 504 2296 genem
521 2198 552 2290 ¹fr
569 2221 814 2297 porrorerum
839 2191 1018 2308 exemplis
1042 2223 1084 2276 ac
1115 2226 1244 2279 monu-
1331 2197 1335 2206 '

187 2318 311 2389 mentis
328 2315 583 2398 docuerimus,
612 2315 725 2388 vitius
745 2315 940 2412 cultusque
960 2317 1176 2392 tenuitatem
1201 2343 1244 2410 ac

186 2425 270 2502 vitae
285 2429 532 2526 frugalitatem
551 2425 826 2502 memorabilem
846 2429 941 2504 inter
962 2441 1105 2506 veteres
1131 2457 1244 2530 popu·

187 2538 232 2615 lns
248 2544 416 2646 viguisse,
442 2543 541 2619 laudi
562 2540 765 2641 honorique
788 2541 915 2619 foille:
945 2544 1113 2623 videmur
1139 2548 1245 2627 nobis

185 2657 359 2752 probabile
376 2656 495 2736 fecilfe
525 2658 581 2737 id.
611 2661 707 2762 qaod
729 2657 881 2757 pofitum
906 2660 977 2745 est,
1004 2662 1051 2735 ad
1068 2663 1167 2739 illam
1187 2666 1242 2739 in·

185 2774 299 2865 primis
315 2772 471 2852 cauffam
493 2772 831 2859 referendumeile,
858 2776 960 2872 q'uod
972 2774 1062 2850 illae·
1073 2777 1241 2867 ciuitates

184 2896 247 2963 tam
261 2882 474 2990 frequenter
488 2888 747 2967 habitareutur.

275 3103 459 3216 >Ecquam
484 3115 666 3193 vellemus·
686 3115 744 3198 id.
783 3109 881 3216 quod
912 3116 1240 3201 moderationibus

185 3224 430 3317 adstruximus,
462 3256 560 3307 nuuc
590 3234 659 3309 fuis
686 3234 862 3330 exemplis
886 3234 1124 3327 confirmare!
1150 3240 1237 3326 Sed.

185 3347 273 3421 cuius
288 3342 341 3426 rei
357 3344 470 3425 cauffa
487 3348 581 3423 hauc
596 3346 705 3445 ipsam
722 3347 999 3446 disputationem
1023 3351 1162 3446 iugressi
1184 3356 1239 3431 sua

184 3473 271 3547 mus,
297 3488 343 3540 eo
361 3463 588 3539 redeundum
607 3462 680 3548 est,
703 3475 761 3547 vt,
788 3466 884 3561 quod
903 3465 988 3539 felix
1011 3464 1238 3573 faustuprquc

185 3565 234 3658 fit,
251 3577 423 3656 lollennia
435 3577 657 3653 Academiae
675 3577 814 3654 uollrae
833 3578 992 3657 natalitia
1016 3604 1048 3657 a.
1067 3582 1102 3660 d.
1120 3580 1237 3677 XVll,

183 3680 277 3765 huius
302 3690 435 3769 menfrs
457 3687 672 3767 celebranda
692 3693 907 3771 indicamus.
968 3696 1127 3780 Quorum
1150 3719 1236 3773 cum

184 3807 265 3894 apud
288 3806 447 3905 fingulos
477 3806 645 3881 homiues
670 3819 708 3880 et
731 3805 886 3883 familias
910 3818 986 3885 tarn
1013 3810 1168 3885 iucunda
1198 3822 1236 3889 et

184 3933 251 3991 cara
268 3924 443 3999 memoria
462 3919 525 4006 frt,
554 3931 633 4003 tum
650 3941 737 3996 vero
756 3924 946 4007 ordinum,
964 3918 1235 4003 vniuerfitatum

182 4048 217 4102 ac
235 4052 443 4136 corporum,
473 4057 626 4133 quorum
643 4036 722 4110 rita
747 4034 868 4113 multo
899 4040 1016 4131 magis
1042 4036 1174 4113 subitis
1196 4044 1234 4119 ei

183 4148 276 4225 variis
294 4151 430 4228 casibus
445 4150 598 4225 obnoxia
618 4149 687 4225 elie
703 4150 809 4237 folet,
835 4153 944 4263 longe
962 4146 1143 4227 laetilfrma
1162 4152 1234 4230 elie

182 4254 353 4343 debetilla
372 4267 572 4343 celebritas.
632 4267 775 4352 Quanto
800 4288 886 4340 vero
911 4267 1047 4339 maiore
1070 4289 1151 4341 cum
1179 4268 1233 4343 hi·

182 4364 310 4458 laniate
336 4380 514 4481 bonisque
538 4379 632 4487 votis
658 4380 860 4475 exigendus
885 4380 953 4455 erit
981 4376 1045 4457 iste
1069 4381 1169 4465 dier,
1189 4380 1230 4499 ¹fr

409 4509 411 4512 ·
1173 4516 1229 4571 ur·
