3200 5225
410 608 506 694 182Ι
621 632 628 654 ,
799 597 1093 664 Q*

406 742 528 874 breuis
547 774 641 852 vitae
664 735 833 877 {angustos
860 784 1167 888 sinesprotuletit
1185 742 1228 874 et
1252 796 1440 882 dilataberis

402 902 425 955 a
448 893 542 960 veris
559 906 596 964 et
620 896 764 974 utilibus
784 902 896 990 rebus
914 905 961 980 ad
980 905 1124 984 subtiles
1149 923 1187 986 et
1202 911 1361 1010 spinosas
1380 922 1440 1018 pos

400 993 520 1075 tiones
543 1006 722 1101 delaberis
746 1026 783 1088 et
804 1018 842 1090 in
866 1019 1017 1113 angusto
1038 1021 1243 1102 ieiunorum
1270 1031 1440 1127 quaestion

397 1112 562 1190 cularum
579 1121 692 1215 spatio
715 1131 854 1218 cereris,
914 1136 1015 1220 Quae
1038 1161 1120 1214 curu
1147 1141 1198 1217 ita
1224 1141 1320 1231 srnt,
1352 1164 1386 1220 vt
1405 1151 1440 1224 hi·

397 1219 525 1306 stortae
552 1234 689 1355 sumrnp
709 1242 756 1314 ad
778 1259 917 1322 ceteras
941 1252 1143 1352 disciplinas
1163 1258 1302 1334 utilitas
1327 1264 1440 1338 nemini

396 1359 472 1417 uon
487 1348 524 1424 in
541 1338 666 1428 oculos
681 1355 862 1438 incurrisse
877 1364 992 1442 videri
1009 1368 1148 1453 debeat,
1167 1371 1244 1469 ipsa
1260 1384 1377 1451 autem
1392 1401 1440 1474 per

394 1452 432 1528 se
446 1458 633 1559 dignitatis
653 1485 690 1544 et
711 1479 981 1571 amplitudinis,
1010 1507 1172 1587 necnon
1205 1490 1367 1566 utilitatis
1383 1491 1438 1566 sru-

304 1560 309 1571 '
392 1570 1435 1697 tiusqoeincredibiiequpntumhabeatqn'omodotandeu

363 1676 370 1686 ’
391 1686 472 1767 fieri
490 1702 616 1792 potuit,
635 1718 676 1778 vt
693 1705 980 1808 studiumtameu
996 1715 1268 1794 historiaerette
1286 1718 1355 1794 fine
1370 1743 1433 1814 cog·

389 1805 593 1906 noscendae
610 1830 647 1892 et
664 1823 900 1901 addiscendae
922 1825 998 1902 sine
1019 1831 1233 1908 condendae
1249 1857 1292 1908 ac
1306 1834 1431 1909 conscri-

272 1982 274 1991 .
388 1920 530 2003 bendae
545 1935 590 2005 ad
604 1935 722 2011 nostra
738 1942 815 2016 sere
832 1963 944 2037 vsquo
960 1956 1121 2043 tempora
1137 1936 1290 2028 tantum,
1301 1973 1370 2024 non
1384 1973 1430 2022 ue·

385 2037 542 2130 gretiam
564 2066 864 2158 contemtomque
893 2060 1037 2146 iaceret,
1068 2074 1106 2137 et
1121 2061 1181 2136 vix
1197 2064 1315 2161 aliqua
1327 2064 1428 2157 digna·

383 2162 485 2234 tione
504 2179 540 2238 et
548 2172 687 2249 honore
695 2174 805 2250 etiam
822 2171 866 2250 ab
887 2176 932 2249 iis
948 2175 1152 2261 haberetur,
1185 2179 1248 2272 qui
1271 2176 1424 2252 historiam

380 2285 576 2381 praecipuo
595 2289 641 2362 in
654 2289 736 2363 loco
760 2291 966 2366 habendam
988 2289 1057 2366 esse
1075 2289 1276 2402 putarent?
1304 2293 1342 2366 Iu
1362 2313 1424 2364 acu·

381 2391 512 2473 demiis
531 2412 653 2487 autern
669 2427 735 2502 per
748 2408 884 2502 aliquot
906 2406 1044 2482 saecula
1062 2408 1219 2484 studium
1236 2408 1304 2483 hoc
1326 2406 1364 2481 iis
1381 2403 1421 2476 di·

250 2532 253 2543 ·
376 2504 555 2604 sciplinis,
586 2534 676 2615 quas
694 2520 877 2620 plerisque
895 2521 1103 2598 hominibus
1126 2546 1202 2596 non
1229 2535 1303 2598 tam
1324 2517 1440 2616 digni·¹

375 2626 758 2722 tassuaetauttoritas,
789 2659 898 2735 quam
916 2638 1136 2736 principatus
1152 2636 1314 2721 alicuius,
1328 2653 1415 2731 quen

373 2739 459 2817 islae
483 2748 579 2824 inter
600 2749 769 2828 scientias¹
792 2766 920 2828 tenere
944 2766 1138 2849 putantur,
1170 2753 1295 2849 opinio
1315 2774 1333 2823 a
1354 2770 1413 2878 pro

371 2863 572 2938 nachorum
595 2868 680 2944 inde
698 2867 840 2966 stupore
863 2880 1033 2964 accepta,
1063 2880 1126 2943 aut
1150 2868 1311 2943 vtuitatis
1325 2864 1411 2940 alicu·

369 2970 428 3047 ius
455 2979 502 3052 ad
533 2997 701 3057 ventrem
730 2984 947 3079 pascendum
971 2983 1160 3079 respestus,
1189 2976 1406 3057 commendat.

367 3105 443 3164 non
460 3092 570 3167 modo
592 3112 670 3170 erat
693 3098 953 3195 posthabitum,
982 3118 1109 3172 verum
1137 3100 1247 3173 etiam
1272 3095 1313 3169 ad
1328 3090 1406 3166 scho-

363 3209 567 3287 lasticorum
594 3212 788 3288 studiorum
808 3210 955 3287 censum
979 3212 1160 3287 detrusum
1180 3238 1222 3290 ac
1245 3206 1402 3331 reinduto.
1427 3269 1429 3338 p

365 3326 467 3412 Quae
491 3351 567 3411 res,
596 3328 751 3425 idquod
778 3327 903 3403 multis
929 3327 1008 3403 aliis
1033 3326 1263 3439 mbos-bonis
1281 3315 1427 3459 etrusc-p

362 3442 429 3517 bns
446 3444 507 3517 vsu
527 3444 652 3517 venire
676 3443 781 3525 solet,
808 3444 944 3539 duplex
968 3443 1105 3517 nralnm
1129 3445 1310 3542 reciproco
1331 3452 1400 3560 quo·

358 3557 445 3635 darn
475 3556 636 3651 aesinin
669 3560 705 3633 se
737 3559 951 3655 replicatum
980 3572 1017 3632 et
1041 3580 1230 3633 recurrens
1262 3556 1423 3698 peprrlttp

356 3695 443 3749 uam
467 3677 682 3749 'contemtus
705 3670 896 3770 grauiffimr
927 3685 964 3747 et
987 3671 1215 3749 honeffiffimi
1238 3668 1334 3795 studu
1349 3678 1396 3753 ge·

352 3787 553 3865 nerosrores
578 3790 719 3867 animos
743 3788 787 3864 ab
818 3814 862 3865 eo
896 3788 1131 3873 abalienabit,
1169 3788 1218 3863 ita
1247 3796 1285 3858 vt
1307 3801 1341 3854 ιιι
1363 3790 1419 3878 rep

351 3902 487 3982 difficili
502 3904 687 3980 obscuram
715 3917 753 3980 et
777 3904 976 4000 ignobilem
1009 3926 1155 3999 pperam
1172 3919 1310 4000 ponere
1328 3882 1391 3963 nol·

348 4015 446 4105 lent;
486 4032 542 4096 eo'
557 4034 682 4105 tamen
710 4021 795 4117 ipso·
810 4020 959 4096 euenire
982 4016 1120 4093 necesse
1147 4018 1213 4094 suit
1237 4014 1319 4091 noc.
1348 4008 1386 4079 sb

347 4153 431 4209 cum
448 4138 547 4212 nulla
567 4136 663 4211 reue
678 4135 980 4232 cognoscendae,·
996 4133 1244 4209 diiudicandae
1263 4137 1298 4201 et
1317 4134 1386 4193 ⁶⁰1¹·
1412 4221 1413 4238 χ

345 4245 551 4327 scribendae
574 4252 740 4326 historiae
764 4262 955 4348 praecepta
979 4248 1163 4345 vigerent,
1196 4238 1335 4323 annales
1355 4232 1383 4297 ‘t
1411 4262 1412 4299 ι

343 4364 510 4442 historiae
538 4381 679 4467 patrum
707 4367 882 4443 memoria
904 4362 1072 4469 conditae
1089 4386 1206 4441 rerum
1227 4354 1380 4459 grauitate
1408 4382 1410 4441 ι

1346 4442 1409 4535 ac*

1406 4573 1407 4600 ι
