3200 5225
295 533 298 538 ⁵
351 551 436 640 416

350 709 797 804 MVNCHHVSIAE
817 721 999 799 facilitatis
1020 736 1061 801 et
1068 700 1328 823 inddlgebtiae
1344 756 1422 811 me·

349 839 503 916 moriam
533 835 818 938 animisnostris
848 837 1049 917 obliterare
1108 841 1323 922 versabatur
1345 849 1418 935 ille,

348 961 432 1032 curn
463 973 578 1066 nuper
601 950 698 1026 hauc
720 950 855 1025 vrbem
881 953 1091 1048 praesentia
1106 955 1167 1031 lua
1191 958 1419 1048 exhilararet,

344 1071 441 1148 iuter
456 1085 524 1145 nos
542 1069 713 1164 tanquam
733 1065 829 1139 inter
844 1066 1123 1146 contubernales
1147 1069 1229 1147 snos
1251 1087 1290 1148 et
1312 1075 1420 1153 fami·

343 1185 477 1274 liures,
507 1193 571 1257 aut
587 1180 706 1280 potius
722 1192 896 1282 tanquam
917 1193 1020 1278 pater
1034 1183 1219 1260 laminas
1207 1199 1305 1263 mter
1326 1189 1432 1267 libea

343 1310 425 1386 rus,
461 1319 553 1396 quos
575 1295 612 1368 iu
627 1290 804 1394 potestate
829 1291 991 1373 haberet.
1047 1297 1216 1376 Occurrit
1234 1303 1356 1379 adhuc
1379 1319 1419 1380 et

339 1416 513 1526 tanquam
538 1431 624 1506 pra
603 1408 707 1483 elena
736 1401 945 1484 obu‘erlatur
963 1411 1081 1498 omlis
1102 1408 1225 1490 tiuida
1241 1415 1317 1494 Viri
1336 1433 1415 1495 tam

340 1528 414 1605 cari
436 1540 475 1602 et
492 1515 656 1600 dileili
645 1533 785 1618 imago·
816 1520 1088 1615 obuerlauturf
1097 1531 1169 1626 qua¹
1193 1529 1412 1620 incedimus,

340 1642 499 1719 recentia
524 1640 602 1715 eius
628 1633 793 1732 veliigiau
835 1649 906 1734 que
926 1639 1064 1738 pedem
1099 1640 1286 1742 ponimus,
1323 1661 1414 1723 ante

338 1749 481 1857 paucoa
474 1751 579 1828 dies
598 1750 727 1827 institit
750 1748 895 1829 Parcus
925 1751 1063 1838 noster,
1098 1755 1221 1833 nostra
1241 1759 1338 1836 Cura
1367 1787 1411 1838 ac

336 1871 485 1951 Tutela!
508 1904 511 1930 ι
531 1869 614 1944 Ηοι
638 1889 685 1942 ne
708 1879 803 1950 erat,
833 1866 1016 1963 quodille
1040 1870 1254 1966 Gottingam
1275 1875 1407 1961 adiret,

333 1975 404 2066 nos
419 1983 614 2065 inuileret,
644 1979 899 2056 beneuolentia
923 1993 962 2060 ct
977 1982 1200 2080 benignitate
1213 2000 1289 2062 tam
1307 1989 1408 2066 ddlci

335 2107 374 2178 et
390 2099 536 2176 amabili
563 2117 633 2172 nos
656 2115 787 2170 omnes
809 2091 1103 2194 amplesteretur',
1142 2099 1323 2177 summum
1352 2105 1407 2180 lui

166 2271 167 2274 ι
333 2237 496 2294 amorem
524 2233 567 2287 ac
593 2207 779 2285 caritatem
805 2208 940 2287 animis
961 2211 1106 2288 nostris
1111 2213 1324 2302 inllillaret,
1364 2233 1405 2294 vt

333 2343 433 2410 nunc
447 2338 552 2403 tauto
571 2325 716 2421 grauius
730 2335 769 2400 et
784 2323 999 2401 acerbius
965 2349 1044 2402 eruc
1063 2326 1150 2405 ellet
1161 2328 1399 2426 deiiderium!

331 2425 458 2524 Mitius
477 2452 554 2517 erat
569 2439 727 2525 malum,
739 2433 952 2552 tolerabilia
967 2440 1148 2540 miseriae,⁸
1142 2444 1286 2521 virtute
1305 2459 1399 2523 obn·

329 2566 419 2637 dum
444 2558 582 2634 tentata
612 2553 764 2653 ριίιιιιίι
789 2551 867 2629 viru
891 2572 1031 2641 carere,
1068 2557 1129 2633 d'c·
1136 2578 1211 2656 qun
1229 2563 1396 2639 nondum

324 2678 409 2755 latis
427 2690 524 2749 certa
539 2684 577 2747 et
594 2672 778 2768 explorata
796 2668 878 2768 lpea
901 2668 1181 2774 snsceptaelset
1243 2674 1396 2753 Vtinam

322 2788 474 2868 licuillet
494 2787 619 2863 saltem
641 2784 828 2868 dubitare,
857 2808 906 2860 an
921 2784 984 2861 ille
1006 2784 1392 2870 MvNcHHvsrr

250 2936 256 2943 .
321 2904 538 2997 desiderium
556 2898 642 2975 ellet
662 2898 938 2975 obsecraturus!
967 2900 1017 2977 Et
1029 2900 1127 2977 hanc
1136 2904 1389 2982 incredibilem

319 3008 442 3099 rerum
466 3014 739 3093 viciffitudinem
767 3012 862 3089 intra
886 3025 964 3089 tam
986 3015 1098 3090 breue
1125 3029 1291 3117 tempus,
1327 3023 1390 3095 rix

319 3138 428 3212 unius
452 3134 551 3208 intra
577 3128 711 3205 meufis
734 3126 886 3226 spatium
900 3120 969 3228 *),
1004 3131 1217 3227 contingere
1240 3135 1280 3209 in
1300 3131 1386 3211 fatis

316 3249 410 3328 fuit!
440 3248 531 3323 Tam
559 3244 672 3320 anoci
692 3242 862 3319 fortunae
885 3240 1119 3319 conuerlione
1142 3247 1386 3345 quicquamnc

315 3362 466 3462 cogitari
484 3358 600 3461 potest
612 3378 769 3434 amanus
791 3342 1035 3433 macerbiusl
1061 3358 1158 3435 Nam
1174 3378 1234 3446 rr,
1256 3383 1384 3459 quom·

314 3478 512 3557 admodum
536 3477 583 3550 de
604 3475 790 3585 ριοιιίιιιο,
820 3484 860 3546 et
880 3470 995 3568 preffo
1019 3477 1134 3569 pede,
1170 3486 1210 3550 et
1230 3500 1254 3549 e
1277 3476 1383 3554 velli

315 3594 397 3689 gio,
425 3594 535 3689 idque
551 3588 666 3685 iplum
682 3600 856 3685 tanquam
876 3608 923 3662 ex
943 3584 1111 3664 infidiia
1098 3588 1305 3685 inopinate,
1330 3593 1381 3667 al·

312 3722 390 3784 tera
411 3708 513 3783 haec
524 3702 627 3779 alteri
654 3702 819 3779 miseriae
843 3698 1063 3787 luccellerit,
1085 3705 1300 3800 intelligatis
1317 3706 1378 3782 i]-

311 3844 403 3905 ues,
454 3820 613 3917 perlatus
647 3818 693 3893 ad
739 3836 812 3902 uos
842 3814 895 3891 est
929 3818 1080 3892 nuntius
1108 3817 1377 3896 luciruoliffimus

312 3938 358 4014 de
386 3932 602 4013 BEHRll
625 3943 743 4008 morte
758 3928 892 4007 eodem
905 3928 982 4029 rplo
994 3932 1056 4007 dre
1055 3927 1193 4030 **)
1198 3954 1274 4031 quo
1273 3950 1376 4125 ¹¹ante

1302 4072 1376 4124 unc

366 4206 478 4289 ⁶)D
511 4208 628 4275 XXV!
658 4204 815 4274 Noummb
843 4206 898 4271 iell
931 4162 1070 4273 adhunc
1093 4212 1198 4276 vrbem
1227 4210 1373 4295 suffit,

426 4292 450 4355 1
473 4290 757 4359 lolvuneoenu
779 4292 1282 4380 nomuumrebuereumaest.

454 4399 825 4471 tutabamur.
