3200 5225
632 567 919 627 ’.ΞΕ
1243 607 1310 674 vn

221 751 524 956 nepligendum
563 751 625 842 est
661 749 955 869 prolufionum
993 750 1306 848 scribendarum
1448 761 1453 769 '

221 871 284 958 inl
312 873 479 980 itutum,
508 889 557 956 vt
579 889 728 956 contra
747 867 801 955 ad
821 867 1129 959 academiarum
1147 898 1306 962 nomen

221 1010 273 1070 ac
300 979 458 1070 famam
484 983 597 1070 haud
614 1009 763 1099 parum
785 981 974 1094 interfit,
1018 985 1306 1094 scribantume

218 1095 491 1300 prolbufiones
522 1124 602 1186 nec
629 1124 707 1208 ne,
762 1116 809 1186 et
839 1123 942 1186 num
972 1100 1079 1188 bene
1107 1125 1162 1189 an
1192 1101 1303 1192 male

243 1239 306 1300 cn
336 1232 469 1300 antur.
1290 1263 1295 1290 2

336 1435 547 1528 Vtilitates
564 1438 757 1530 videmus
775 1440 1053 1558 grauissimas,
1081 1465 1186 1562 quaa
1200 1466 1301 1533 mou

144 1643 146 1648 ,
216 1554 290 1643 ille
314 1555 511 1674 antiquus
530 1559 893 1644 commentatione
921 1557 1060 1676 aliqua
1081 1555 1300 1674 praemissa

219 1668 424 1758 sollennia
459 1670 629 1784 publica
666 1670 884 1758 indicendi
908 1673 1063 1758 habere
1085 1670 1232 1788 potest
1256 1693 1300 1761 et

216 1785 373 1874 habene
390 1782 512 1870 solet.
569 1777 740 1872 Tuetur
763 1809 873 1872 vero
901 1785 973 1872 ille
990 1784 1059 1893 se,
1075 1783 1213 1904 -seque
1239 1788 1299 1878 in·

217 1897 505 2012 telligentibus
527 1901 759 2012 approbat,
787 1926 876 1987 non
890 1899 1029 1987 minus
1046 1897 1136 2015 ipsa
1156 1925 1298 1989 rerum
1444 1972 1449 1984 .

217 2033 402 2125 natura,
459 2011 767 2100 academiarum
794 2012 1046 2104 conditione
1074 2041 1124 2101 ac
1147 2013 1298 2110 deseri.

214 2128 394 2244 ptione,
431 2144 522 2212 tum
549 2125 696 2214 decori
718 2125 911 2238 ratione,
945 2125 1121 2261 ipsaque
1141 2128 1204 2214 rei
1227 2155 1298 2216 ne·
1405 2194 1411 2202 -

218 2240 423 2346 ceffitate3
470 2239 679 2357 fingamus
698 2241 808 2328 enim
841 2241 934 2328 dari
967 2244 1091 2332 nobis
1114 2241 1297 2357 aliquam

216 2355 530 2463 academiam,
574 2355 617 2441 in
639 2382 723 2470 qua
758 2355 864 2441 nibil
902 2374 1076 2469 geratur
1109 2356 1296 2470 publice,

215 2497 297 2557 uec
312 2469 454 2556 oratio
484 2467 569 2556 vlla
608 2469 779 2582 publice
810 2470 1050 2581 habeatur,
1107 2469 1298 2590 nihilque

215 2583 391 2702 publice
427 2579 656 2671 scribatur:
715 2604 899 2702 quantos
933 2584 1132 2697 auduus,
1166 2610 1296 2704 quarn
1332 2646 1335 2653 ‚

213 2696 578 2816 prosperitatem,
635 2724 761 2817 quam
795 2697 1148 2787 existimationem
1178 2698 1295 2815 apud
1380 2732 1387 2746 ·

213 2813 342 2924 suna,
378 2834 503 2931 quarn
520 2811 572 2905 ad
585 2832 756 2902 exteros
785 2809 967 2924 famam,
988 2813 1221 2918 habituram
1246 2812 1294 2900 il·

212 2929 298 3016 lam
322 2922 404 3014 elle
427 2927 697 3043 putabimus?
753 2926 864 3013 Sunt
876 2948 1018 3015 autem
1036 2925 1296 3019 hauddubie
1350 2939 1354 2950 “

164 3044 167 3051 ’
212 3042 257 3131 in
293 3042 413 3130 omni
446 3040 661 3157 republica
692 3040 927 3151 nonnulla,
974 3068 1096 3161 ‚quae
1121 3043 1295 3156 publice

217 3157 385 3275 agenda
410 3154 517 3263 fintq
561 3182 643 3241 nec
667 3151 841 3271 possunt
864 3156 1008 3243 omnia
1031 3160 1113 3242 nec
1136 3154 1294 3243 debent

216 3276 326 3359 clam
347 3290 390 3357 et
414 3268 649 3358 inocculto
666 3291 739 3357 aut
758 3270 870 3356 intra
887 3270 1080 3385 priuatos
1105 3271 1291 3384 parietae
1438 3336 1442 3342 .

212 3386 396 3505 peragi3
450 3384 588 3472 multo
615 3385 764 3500 magis.
781 3384 823 3469 in
851 3411 902 3471 ea
933 3384 1135 3495 ciuitate,
1181 3409 1292 3501 quae

214 3503 398 3618 propius
431 3497 486 3585 ad
514 3498 767 3614 popularem
793 3494 977 3585 formam
1009 3498 1195 3585 accedit:
1244 3497 1295 3583 in·

213 3642 299 3735 qua
335 3612 457 3701 multi
495 3635 755 3715 monuerunt
792 3612 1023 3728 diligenter
1058 3610 1289 3700 videndum
1348 3692 1354 3710 ,

211 3724 320 3839 effe,
349 3747 402 3815 ut
425 3727 532 3843 reip.
557 3726 770 3837 maiestaS,
810 3724 1078 3842 magistratus
1107 3725 1300 3813 aneton·
1368 3729 1372 3750 ²
1409 3814 1415 3822 ,,
1455 3765 1456 3811 ;

210 3862 302 3953 raa,
348 3841 512 3929 senatus
544 3841 753 3956 dignitas,
801 3840 1060 3974 insignibuS,
1102 3850 1294 3957 pompa,
1355 3879 1363 3889 ·

210 3957 492 4067 sollennibus,
526 3955 580 4043 ad
604 3956 829 4043 oculorum
856 3981 1178 4073 anrmorumque
1199 3954 1287 4040 sen·
1392 3959 1394 3962 ’

211 4070 277 4161 sus
312 4070 596 4187 amplificetur
613 4102 637 4155 :J
684 4072 764 4157 iam
790 4090 937 4157 ‘autem
975 4096 1084 4188 quae
1117 4069 1285 4183 publice

212 4186 377 4302 agenda
396 4182 505 4296 sunt,
535 4183 629 4315 quis
644 4212 733 4272 non
750 4186 960 4316 intelligat
975 4210 1096 4271 more
1121 4183 1281 4301 aliquo,

212 4328 353 4422 eoque
372 4298 564 4413 solenni,
593 4320 704 4388 mter
717 4310 1005 4522 jca(‘er1moruas
1023 4319 1185 4493 certas-l,
1212 4295 1295 4381 dio

724 4446 728 4451 ·
805 4434 849 4525 4
1000 4459 1002 4462 ·
1180 4434 1281 4493 000·
1453 4443 1454 4488 ς
