3200 5225
575 599 859 663 “-“-“-“-“-“-“ἰ
1061 547 1072 578 ⁸
1164 613 1248 709 rer

203 793 328 865 tantum
354 783 617 862 esculentamm
644 779 867 881 omninoque
884 779 931 862 ad
947 771 1078 860 alitum
1094 781 1253 859 cultum·

203 926 264 1002 que
284 900 491 978 facientium
521 919 644 976 rerum
663 909 703 977 et
725 895 902 996 pecuniae
931 899 1110 982 manebit
1136 909 1254 994 quau·
1316 919 1322 931 ¹

205 1030 270 1092 tum
290 1026 396 1093 antea
411 1012 552 1114 profuse
567 1009 863 1096 consumebatura
879 1035 949 1089 nec
971 1023 1074 1090 tanta
1097 1032 1251 1110 prouen-

206 1143 254 1207 tus
267 1130 365 1229 copia
380 1127 619 1226 permutanda
639 1127 707 1203 erit
723 1125 833 1201 luxus
852 1125 1109 1210 blandimentis
1131 1124 1176 1200 ab
1188 1145 1253 1198 ex·

207 1259 296 1323 terno
317 1240 455 1321 artifice
476 1239 654 1340 petendis.
720 1239 804 1316 Huc
829 1241 877 1318 ad
899 1241 1030 1320 melius
1051 1237 1253 1323 habendos,

208 1357 404 1446 vestiendus,
419 1357 577 1433 tuendos
592 1353 751 1454 reliquos
766 1369 898 1431 omnes
915 1381 1039 1435 nonne
1056 1353 1143 1432 ratis
1155 1347 1256 1429 erit?

210 1473 259 1551 Sic
276 1497 320 1572 ne
338 1472 544 1571 putabimus
558 1468 785 1552 numerosam
801 1469 993 1547 huminum
1011 1471 1169 1549 subulam
1192 1466 1257 1542 de·

210 1584 306 1663 inrui
329 1585 380 1663 At
403 1605 574 1682 agrumru
597 1603 708 1682 quam
732 1581 890 1680 diligens
908 1609 1006 1662 nunc
1032 1585 1150 1662 cultus
1175 1580 1254 1666 erit,
1359 1609 1362 1614 ·

212 1722 303 1797 quam
316 1701 405 1777 felix
423 1695 653 1806 prouentnri
683 1709 819 1796 quanta
840 1700 950 1796 igitur
977 1701 1122 1798 frugum
1151 1697 1260 1771 uber-

201 1819 277 1900 tas,
306 1816 350 1893 ad
369 1815 493 1916 plures
508 1808 687 1891 alendos?
708 1823 841 1910 quanta
859 1815 910 1890 au
921 1814 1081 1914 opifices,
1097 1809 1260 1890 artifices-

215 1938 244 2004 et
261 1931 434 2007 venarum
449 1927 569 2006 rerum
587 1947 721 2028 operae
736 1918 976 2007 nutriendas?
993 1943 1149 2028 quantus
1171 1927 1260 2003 hinc

209 2041 386 2120 huminum
399 2039 534 2121 ardut?
555 2052 689 2154 quauta
713 2055 937 2121 mercaturae
953 2043 1097 2124 studiat
1132 2046 1262 2138 Itaque
1379 2053 1381 2064 '

217 2159 441 2235 moderatiore
457 2159 528 2234 hoc
552 2155 809 2232 incommune
831 2157 892 2234 vsu
915 2180 1037 2235 rerum
1061 2160 1200 2234 utilium
1224 2167 1264 2234 et

215 2267 434 2351 incundamm
448 2269 618 2367 effestnm
636 2268 779 2348 ridetur
791 2270 850 2355 iu.
876 2273 972 2369 quud
990 2273 1093 2350 initio
1109 2273 1262 2372 pufitum

220 2401 299 2475 eret,
318 2401 357 2463 vt
371 2390 487 2464 maior
507 2383 699 2465 hominum
722 2403 896 2481 numerus
912 2386 960 2463 ali
978 2388 1090 2488 puffit.

213 2557 217 2566 -
312 2500 602 2600 Multisquidem
623 2498 742 2579 nouis·
753 2501 1004 2602 exemplisque
1029 2530 1070 2584 ea
1097 2527 1155 2580 res
1177 2527 1263 2579 uon-

219 2609 336 2693 irmari
352 2605 489 2717 potest.
515 2617 577 2694 sed
595 2630 739 2693 utamur
755 2638 851 2702 vno,
878 2638 949 2715 quo
977 2621 1024 2697 ad
1049 2620 1266 2697 moderatio·
1359 2630 1361 2638 ’

220 2748 302 2821 ren,
329 2721 636 2817 communiorem
659 2747 696 2806 et
721 2731 765 2806 ad
786 2732 908 2827 plures
925 2736 1192 2830 pertingentem
1210 2734 1265 2808 lu·

221 2863 450 2925 manaturum
466 2868 526 2923 res
542 2856 744 2923 reuocetur.
790 2846 1114 2935 Sintmilieciues.
1135 2848 1266 2947 quibus

221 2942 1267 3074 millecuiquethaleriiuannumexfrustibusconfluentum

224 3070 459 3152 atfintdeeies
472 3075 652 3160 millealii‚
665 3055 860 3174 quibusvix
879 3076 1137 3175 quinquaginta
1154 3082 1270 3155 thale-

223 3184 546 3267 ristuendauitasrt.
582 3188 1193 3290 Sinumerosasoboleacontigerit,
1211 3196 1271 3273 hir
1328 3276 1330 3283 ,

224 3289 1272 3403 fameinopiaqueenetiisparumnumerosasuccedetaetas
1386 3352 1397 3365 ·

224 3417 384 3509 proxima.
443 3418 506 3497 At
517 3419 626 3497 iidem
651 3431 798 3494 centum
825 3421 984 3497 thaleros
1007 3428 1116 3501 annui
1136 3427 1270 3527 fruitus

192 3574 195 3579 -
228 3549 266 3602 ex
286 3556 394 3631 opere
409 3534 625 3617 habeanta
614 3554 686 3608 ram
701 3533 892 3622 valebunt,
918 3534 1147 3630 vigebunt.'
1139 3566 1210 3617 ram
1230 3542 1273 3618 li·

226 3638 337 3735 beros,
359 3649 437 3732 dim
451 3672 582 3725 examen
605 3646 739 3732 demur.
764 3649 1071 3728 circummuniam
1088 3652 1192 3731 Lares
1209 3680 1275 3753 pu·

222 3754 301 3851 suus,
317 3764 501 3841 videbunt
559 3763 616 3840 Ex
636 3762 819 3865 coituque
841 3762 932 3860 ipso,
950 3789 1022 3862 quo
1038 3769 1137 3843 mille
1155 3770 1204 3844 illi
1223 3770 1276 3847 vi-
1319 3852 1322 3861 ,

229 3873 368 3964 rebant,
393 3878 419 3952 sr
448 3874 588 3974 aequali
604 3898 733 3953 omnes
747 3878 855 3953 censu
874 3889 912 3957 et
926 3884 1109 3959 communi
1128 3883 1276 3980 frugali·
1362 3945 1366 3955 .

229 3991 294 4061 tata
312 4002 483 4077 amatur,
511 3991 640 4069 nonies
668 3989 769 4070 mille
793 3994 853 4069 alii
883 3996 1051 4076 homiues
1081 4000 1275 4077 commode

229 4098 273 4173 uli
286 4104 416 4198 puffint.
476 4107 557 4191 Quo
576 4106 691 4191 maior
710 4107 831 4205 iraque
853 4123 979 4211 atquo
997 4110 1101 4186 latior
1123 4114 1275 4210 perplu-

231 4228 282 4285 res
297 4223 415 4316 populi
437 4220 581 4296 ordines
597 4223 892 4317 ‘vagaturiuxue
919 4252 964 4301 eo
987 4227 1102 4319 magis
1120 4226 1275 4305 defluere

232 4323 326 4419 aliis,
349 4356 419 4433 qno
433 4347 604 4416 tueantur
620 4337 675 4427 se,
697 4339 918 4439 tandemque
935 4340 1030 4445 ipsus
1044 4328 1276 4441 deficere'ho·

1066 4456 1068 4464 ’
1159 4454 1280 4535 munes
