3200 5225
171 813 348 890 restam
382 789 535 921 exigua
564 803 627 896 est
655 803 870 918 habitura,
917 802 951 894 fi
984 798 1100 896 reite
1136 824 1239 924 pro-

168 913 255 1006 visa
275 915 416 1020 fuerit.
475 967 479 974 ·
554 1000 560 1012 ,

289 1255 382 1348 Nec
397 1289 504 1353 vero
532 1261 715 1380 ignom,
751 1284 953 1381 quantum
982 1260 1241 1351 difficultatis

176 1373 327 1461 habeat
355 1401 486 1491 genus
513 1379 600 1464 hoc
624 1374 890 1489 scriptionis,
927 1378 1046 1497 quod
1064 1402 1152 1464 non
1170 1383 1244 1465 aut

175 1507 254 1574 tuo
275 1510 347 1575 aut
365 1494 487 1579 tutius
506 1491 677 1580 alicuius
698 1490 878 1581 Ordinis
900 1491 1143 1602 academici,
1172 1508 1245 1578 re‘·
1266 1492 1269 1498 ’

176 1621 268 1689 rum
305 1606 479 1720 publico
511 1605 753 1692 academiae
789 1607 962 1695 nomine
996 1616 1094 1694 ate
1125 1601 1244 1693 susci·-

176 1716 307 1846 pitur.
375 1717 432 1808 Vt
454 1720 568 1806 enim
589 1741 882 1835 argumentum
909 1741 982 1807 aut
1003 1719 1056 1810 stt
1078 1719 1245 1836 publici

177 1829 322 1918 rudicii
344 1851 415 1922 aut
430 1830 572 1921 saltem
599 1832 736 1920 videri
761 1831 913 1948 poffit,
957 1833 1136 1922 dilecius
1157 1833 1246 1923 cius

177 1943 290 2032 haud
319 1944 443 2036 facile
469 1943 720 2036 descendere
750 1945 896 2063 potest
920 1949 974 2037 ad
1000 1973 1053 2038 ex
1084 1945 1246 2037 alitam

178 2057 360 2262 aliquam
403 2085 456 2152 ex
504 2061 685 2182 antiquis
717 2063 895 2155 ,litteris
939 2088 1046 2182 quae
1087 2065 1227 2150 'onem

180 2193 318 2263 muto
340 2177 476 2265 minus
500 2173 553 2264 ad
575 2176 762 2265 criticam
791 2197 836 2272 et
849 2178 1136 2294 exegeticam3
1167 2203 1191 2264 e

181 2313 264 2400 ego
282 2289 317 2378 is
344 2319 432 2380 non
448 2289 561 2401 sum,
611 2291 684 2410 qui
713 2290 796 2379 tale
823 2288 1056 2379 institutum
1083 2291 1247 2403 impro-

180 2402 362 2493 bandum
390 2401 470 2492 elle
495 2419 664 2520 putem3
692 2421 840 2492 uerum
866 2400 1163 2511 elaborandum
1184 2399 1248 2492 est

146 2512 220 2600 .in
248 2521 425 2608 materia
460 2517 975 2636 communi-ac‘publica,
1023 2545 1131 2639 quae
1165 2540 1245 2607 nec

139 2666 140 2729 3
181 2636 440 2722 acommuni
463 2634 765 2753 plerorumque
782 2636 855 2755 qui
879 2635 1106 2723 liberaliter
1132 2631 1247 2720 insti·

139 2790 143 2803 ·
181 2749 260 2835 tuti
291 2744 386 2835 sunt
408 2749 569 2836 iudicio
589 2758 634 2835 e't
649 2746 816 2859 studio,
843 2774 924 2837 nec
943 2753 994 2836 ab
1019 2746 1249 2835 academici

181 2862 382 2979 corporis
411 2862 618 2979 dignitate
645 2866 880 2950 abhorreat
966 2860 1070 2953 Eam
1103 2862 1247 2979 itaque

140 3008 141 3017 ¹
180 2994 330 3089 petere
359 2976 608 3095 plerumque
644 2975 771 3065 malui
806 3002 859 3066 ex
893 3004 949 3065 eo
987 2975 1247 3096 antiquitatis

180 3088 534 3209 historiarumque
560 3090 743 3200 ambitu,
781 3119 870 3210 quo
897 3090 1160 3209 populorum
1189 3088 1251 3177 in·
1280 3165 1283 3170 ,

183 3200 327 3317 llituta
359 3226 402 3292 et
435 3223 576 3292 mores
604 3206 917 3325 opinionesque
943 3226 1034 3294 tum
1060 3200 1172 3293 facia
1197 3230 1247 3289 ac

184 3312 268 3405 fata
307 3319 613 3428 continentur,
671 3316 995 3440 sedandumque
1029 3320 1132 3406 mihi
1170 3311 1252 3405 elle

185 3433 408 3519 arbitratus
432 3432 519 3520 sum
539 3458 671 3549 genus
692 3430 898 3521 scribendi
920 3432 1153 3549 populare,
1179 3428 1253 3520 sed

185 3548 306 3664 quale
327 3546 437 3635 inter
460 3548 655 3637 'eruditos
680 3549 723 3635 in
753 3547 956 3637 litteraria
974 3548 1144 3635 ciuitate
1170 3542 1254 3633 ire·

183 3662 375 3777 quentari
403 3676 539 3777 putes.
596 3660 792 3777 Inprimis
813 3682 976 3770 autem,
1010 3682 1062 3751 vt
1087 3662 1253 3749 animos

184 3777 312 3863 ctiam
337 3778 387 3863 ab
410 3786 660 3893 argumento
686 3776 848 3866 ‘alienos
876 3773 1164 3893 cognoscendi
1183 3774 1281 3863 ali·v

187 3914 266 4007 qua
306 3892 517 4005 cupiditas
552 3885 798 3999 incellcret,
852 3891 899 3981 id
929 3916 1106 4006 operam
1135 3888 1253 3998 decli,

188 4020 232 4091 rt
254 4006 432 4123 antiqua
469 4031 563 4094 cum
599 4004 754 4093 nostris
798 4026 1123 4123 compararem,
1181 4021 1255 4091 aut

186 4134 383 4236 tempora
403 4140 452 4207 'et
489 4132 637 4208 euenta
666 4116 964 4227 obseruarem,
1032 4140 1085 4206 'ex
1119 4116 1258 4238 lisque

144 4312 145 4325 r
187 4232 502 4323 commentandi
524 4237 892 4351 opportunitatem
926 4253 998 4345 aut
1021 4234 1251 4349 arriperem

186 4369 256 4438 aur
289 4349 497 4439 elicerem.
572 4348 712 4440 liliam
753 4348 1045 4439 difficultatem
1075 4350 1255 4436 habebat

1164 4468 1253 4549 hoc
