3200 5225
393 615 472 694 ³04
772 577 1165 650 m·

380 794 466 877 :que
480 753 589 884 ratio,
619 793 688 854 uec
702 766 1011 869 nisi·su‚eculorum
1030 767 1179 846 decursu
1200 795 1268 858 ea,
1300 771 1437 870 quaeri

334 901 337 906 ’
391 889 556 990 ciuitates
573 901 611 960 et
628 907 739 980 regua
763 885 964 980 pertinent¹
992 879 1086 958 retie
1107 885 1261 982 perspici
1281 911 1325 962 ac
1340 892 1435 980 teneri

180 993 185 1000 ’
285 1014 294 1038 ‘
340 1055 349 1060 -
390 1003 523 1085 [oleum
558 995 1096 1092 idci'rcoetiumnecesitudinis¹
1112 997 1225 1084 itlius,
1253 1005 1435 1098 quaeinter

385 1119 544 1216 patrium
569 1128 606 1204 et
622 1113 804 1206 coloniam
820 1109 902 1204 eit..
919 1114 1083 1190 notitiem
1101 1135 1143 1187 uc
1168 1113 1355 1204 scientium
1377 1139 1434 1190 uu·

286 1319 291 1326 Ι
378 1229 705 1327 ,ioremsubnutum
721 1225 969 1316 effueredene
980 1250 1042 1324 par
1057 1227 1129 1312 esis
1138 1231 1277 1325 partim
1294 1251 1361 1328 quo
1376 1253 1434 1304 ma·

375 1346 448 1442 gis
458 1343 687 1444 rerumusuu
698 1365 741 1417 ac
754 1341 921 1434 retinent
931 1352 1095 1438 tempora
1112 1357 1149 1418 et
1159 1345 1265 1420 casus
1281 1367 1358 1418 eum
1373 1344 1433 1438 sug·

391 1470 578 1556 gererent,
602 1457 731 1554 partim
749 1477 820 1552 quo
844 1455 958 1566 maior
979 1455 1076 1550 inter
1099 1471 1294 1560 utramque
1309 1458 1432 1534 coniue-

226 1625 230 1632 -
283 1602 289 1625 =
334 1587 340 1597 '
391 1573 481 1649 tudo
497 1595 540 1648 ec
555 1572 682 1646 notitia
700 1583 885 1652 manerem
915 1585 1021 1664 quam
1043 1583 1119 1645 erte
1143 1571 1288 1658 facere,
1326 1586 1431 1646 etmu-

390 1688 463 1763 tuis
487 1673 735 1771 commerciis,
761 1679 1020 1778 nauigatione,
1060 1683 1252 1783 praesidiis¹
1270 1671 1429 1785 impositis,

390 1802 597 1891 continere,
633 1799 710 1876 sero
738 1797 899 1902 didicere
918 1798 1107 1874 homines.
1182 1801 1226 1878 ln
1257 1802 1429 1898 propinquo

378 1918 540 2014 itaque,
563 1939 647 1989 uec
669 1914 780 2008 longe
808 1937 827 1988 u
854 1912 1046 2045 metropoli
1074 1910 1191 2001 diffito
1224 1915 1306 1990 loco
1334 1914 1429 1991 sedem

380 2029 505 2126 rigere
529 2023 654 2104 debuit
681 2028 864 2112 colonia,¹
885 2027 922 2102 in'
951 2051 1058 2124 quam
1060 2018 1170 2104 'illu
1160 2053 1218 2104 ms
1239 2031 1337 2104 suum
1353 2047 1427 2102 exer·

372 2168 476 2220 cere
497 2143 685 2240 inciperet.
744 2137 914 2216 Accidit
903 2153 973 2222 rte
1005 2156 1044 2217 vt
1064 2143 1109 2216 ad
1133 2141 1311 2220 ditionem
1334 2141 1427 2240 potius

299 2270 315 2361 J
366 2252 638 2356 ··metropoleos
666 2252 872 2350 adigeretur
902 2255 1063 2341 colonia,
1110 2269 1149 2332 et
1177 2255 1321 2334 missis
1312 2279 1347 2332 m
1367 2275 1427 2329 ean

392 2373 589 2474 praefectis
605 2385 817 2467 regeretur;¹
838 2368 995 2446 aliberis
1018 2385 1141 2446 tamen
1159 2368 1408 2452 ciuitatibus
1401 2389 1426 2438 m

341 2521 348 2531 ’
393 2488 522 2585 quibus
541 2482 584 2568 ii,
611 2487 671 2582 qui
699 2485 858 2568 exirent,
886 2477 1027 2583 ae'quali
1048 2487 1276 2562 utebantur'
1267 2506 1340 2562 rure
1364 2502 1427 2557 cun

379 2603 456 2689 iis,
459 2600 462 2607 ’
481 2601 542 2699 qui
560 2611 761 2685 manerent,
782 2599 923 2696 aequali
940 2625 1022 2677 cum
1046 2603 1242 2701 metropoli
1260 2605 1334 2677 iure
1354 2597 1427 2673 coto

321 2792 324 2798 .
392 2717 452 2797 uia
470 2717 547 2791 snit
553 2716 774 2816 plerumque
778 2712 978 2791 constituta.
1038 2716 1078 2791 Iu
1095 2717 1258 2814 imperiis
1276 2729 1384 2791 auten
1397 2728 1426 2781 uc

333 2882 337 2910 ι
391 2836 517 2959 regnis
535 2850 653 2905 nouas
676 2829 782 2904 urbes
798 2828 962 2904 conditus
980 2832 1082 2927 regni
1101 2827 1379 2929 partemfecide
1400 2831 1424 2895 ei

392 2970 452 3025 res
471 2961 518 3022 et
512 2929 686 3021 historiae
702 2945 784 3020 satis
799 2942 995 3026 declarant.
1054 2946 1182 3041 Regna
1199 2948 1318 3029 enim
1341 2940 1422 3015 etim

394 3086 458 3148 ea,
480 3084 573 3158 quae
599 3059 710 3134 eliis
700 3082 738 3133 m
762 3057 890 3142 rebus,
921 3081 1013 3163 quoe
1034 3060 1080 3137 ad
1106 3084 1195 3158 opes
1218 3059 1365 3137 tuendas
1380 3056 1422 3123 aut

316 3166 343 3222 ·’
393 3170 667 3273 amplificandas
683 3171 975 3273 valere-‘possunt
997 3174 1194 3249 admodum
1214 3174 1435 3255 allucinantur

394 3305 431 3366 et
439 3290 601 3371 oscitant,
624 3286 1121 3385 finibustameuproserendis
1136 3290 1267 3365 mirum
1279 3294 1422 3386 quantun

378 3403 606 3497 ;ἰηυίςπ’1ειῃῑ.
635 3401 826 3477 Hocenim
841 3424 952 3493 vnum
969 3424 1085 3497 genus
1100 3426 1195 3500 opes
1191 3396 1420 3501 etpotentirm

319 3518 324 3532 '
381 3516 599 3611 «assequendi
615 3514 711 3590 nosse
726 3514 917 3601 videntur
936 3516 1031 3613 quod
1048 3516 1180 3598 scilicet
1194 3538 1321 3595 omnes
1338 3512 1434 3585 etun

325 3701 329 3717 .
392 3630 531 3709 barbari
547 3650 699 3714 norunt,
727 3640 766 3703 vt
783 3650 956 3724 magnum
977 3644 1153 3709 terrarum
1177 3636 1323 3711 troitum
1344 3614 1420 3723 poffi·

387 3747 516 3823 deant
552 3744 652 3823 ·.'Vt
642 3755 765 3842 itaque
781 3742 998 3822 necessitudo
1015 3741 1112 3823 satis
1111 3770 1245 3842 magna
1260 3750 1349 3823 inter
1366 3753 1433 3811 me·

380 3860 554 3959 -tropoies
568 3881 611 3933 ec
626 3860 786 3959 colonias
804 3858 916 3954 esset„
937 3885 1012 3949 nec
1021 3860 1129 3939 uinis
1140 3860 1282 3955 dissrtec
1302 3876 1363 3947 nec
1382 3838 1433 3919 ni

378 3978 465 4061 ,min
485 3974 705 4073 propinquae
728 3996 771 4049 ac
797 3974 949 4071 vicinine
977 3998 1043 4052 ete
1069 3976 1138 4055 eise
1153 3974 1432 4056 desuererunt

391 4102 456 4167 aut
472 4091 509 4165 in
533 4088 665 4166 idem
656 4088 867 4182 imperium
863 4088 1119 4176 confluerent,
1154 4104 1217 4173 aut
1240 4088 1332 4167 nntto
1348 4070 1432 4188 inni·

285 4282 288 4287 .
393 4227 475 4281 cem
498 4225 595 4279 nexu
617 4226 660 4277 ac
682 4202 827 4278 vinculo
850 4206 965 4279 teneri
988 4200 1133 4301 possent.
1200 4207 1279 4283 Hoc
1301 4192 1352 4296 qus
1354 4192 1417 4263 dem

391 4320 548 4397 alterum
558 4341 636 4418 quo
653 4318 774 4440 miuus
790 4316 912 4403 fieret,
935 4318 1098 4433 Romani
1112 4320 1233 4397 sedulo
1249 4308 1431 4493 curus}
1381 4297 1414 4369 vs·
1430 4326 1431 4381 t

842 4446 845 4465 ·
1168 4446 1170 4451 ·
1369 4386 1431 4539 eni
