3200 5225
176 740 249 814 quo
267 713 437 788 rudiores
452 721 492 784 et
512 709 732 785 horridiores
750 705 822 784 lint
842 731 981 795 mores,
1013 731 1058 784 eo
1072 707 1246 806 grauiori-

176 832 244 905 bus
270 851 339 903 eos
363 827 490 925 poenis
513 849 556 896 ac
577 823 759 919 suppliciis
783 823 948 917 illigent;
979 846 1051 921 quo
1075 845 1161 898 vero
1177 823 1246 900 mi·

175 949 292 1020 tiores
316 956 355 1014 et
382 938 643 1028 mansuetiores
667 939 804 1011 ciuium
834 937 976 1012 suorum
1007 937 1077 1012 else
1102 937 1245 1014 animos

176 1074 351 1140 cernant,
371 1063 426 1126 'eo
455 1053 577 1127 minus
606 1074 807 1145 poenarum
830 1053 962 1136 metui,
989 1054 1072 1151 plus
1096 1051 1247 1128 honoris

177 1198 216 1248 ac
234 1172 358 1247 laudis
382 1169 497 1242 studio
523 1165 791 1262 honestatisque
815 1179 854 1242 et
874 1166 991 1242 bonae
1018 1166 1249 1244 existimatio·

177 1289 232 1362 nis
265 1285 424 1360 naturali
451 1283 565 1356 amori
588 1283 769 1362 tribuant,
808 1282 905 1377 quod
936 1284 1033 1356 enim
1060 1283 1190 1381 aliquis
1209 1283 1252 1371 iu

181 1400 397 1477 contrariam
410 1411 549 1494 partem
567 1416 771 1469 memorare
780 1393 882 1494 poffit
898 1393 1106 1472 atrociffima
1118 1395 1250 1496 suppli·

181 1518 231 1592 cia
250 1519 292 1592 in
315 1511 634 1605 Francogallorum
651 1510 806 1608 populo,
837 1509 897 1606 qui
915 1509 1141 1587 humanitate
1159 1511 1250 1588 alias

182 1644 312 1726 gentes
339 1629 506 1725 superare
531 1624 593 1698 srbi
618 1624 780 1710 videtur,
805 1623 948 1720 legibus
970 1623 1180 1712 constituta,
1210 1625 1251 1704 id

183 1761 217 1818 et
230 1743 360 1817 similia
375 1742 443 1814 alia
462 1738 628 1836 exempla
648 1739 757 1812 modo
772 1737 817 1812 ab
832 1738 974 1836 imperii
989 1740 1104 1816 forma
1120 1741 1166 1815 ad
1186 1740 1250 1815 do-

183 1857 393 1932 minationis
413 1854 599 1929 libidinem
615 1852 800 1949 descripta,
816 1841 942 1928 modo
958 1853 1005 1960 ad
1027 1877 1167 1932 morem
1186 1878 1252 1952 au·

183 1972 321 2070 tiquum
339 1970 437 2044 nulla
456 1967 686 2064 regnantium
704 1991 787 2042 cura
807 1968 867 2043 vel
882 1967 1053 2064 sapientia
1074 1969 1250 2047 emenda·

184 2101 257 2161 tum
277 2085 508 2160 referendum
530 2081 590 2158 est.
649 2082 760 2159 Nulla
774 2096 896 2161 autem
918 2083 968 2158 est
984 2084 1185 2183 respublica
1205 2108 1250 2162 ac

186 2204 330 2285 ciuitas,
372 2197 686 2285 nullanominum
714 2195 954 2281 consociatio,
983 2197 1020 2271 in
1049 2222 1138 2295 qua,
1168 2210 1257 2277 tum

185 2316 427 2391 constituenda
441 2311 455 2397 ,'
481 2325 559 2386 tum
574 2301 875 2396 administranda,
904 2308 1021 2386 bonae
1039 2313 1184 2400 mentis,
1204 2313 1249 2408 li-

186 2407 368 2507 beralioris
394 2426 627 2502 institutionis
656 2437 695 2498 et
721 2409 978 2513 educationis,
1017 2442 1054 2504 et
1078 2429 1250 2526 egregiae

157 2539 336 2621 ‘alienius'
364 2543 411 2618 ad
441 2539 738 2627 existimationem
764 2537 962 2627 ,laudem
1002 2555 1039 2619 et
1067 2541 1249 2621 bonorum

186 2659 347 2735 omnium
363 2658 519 2732 beneuol
528 2658 663 2731 entiam
677 2656 966 2753 consequendam
985 2658 1244 2755 propensionis,

186 2784 373 2873 tantopere
388 2776 490 2845 ratio
515 2771 708 2855 habeatur,
746 2793 855 2868 quam
881 2772 1090 2849 vniuersrtas
1110 2774 1248 2851 littera-

186 2892 254 2973 ria;
285 2889 459 2986 adquam
485 2887 545 2982 qui
563 2882 751 2961 confluunt
775 2896 812 2960 et
827 2884 981 2985 ciuitatis
1005 2886 1061 2963 ius
1088 2886 1150 2963 fibi
1178 2890 1247 2965 im·

187 3017 345 3101 petram,
377 2994 421 3075 eo
437 3002 531 3097 ipso,
563 3000 659 3096 quod
678 3024 812 3075 nomen
827 3000 929 3078 suum
945 3001 1179 3100 profitentur,
1198 3006 1217 3083 s
1233 3048 1250 3068 .

188 3118 360 3193 cranrenti
380 3116 481 3190 velut
506 3114 682 3209 religione
709 3114 781 3189 sese
809 3112 1061 3211 obstringunt,
1110 3119 1145 3194 se
1168 3145 1248 3198 nou
1330 3163 1331 3179 ,

188 3230 406 3329 plebeiorum
422 3254 464 3305 ac
482 3230 702 3304 sordidorum
722 3228 913 3303 hominurn
939 3232 1021 3316 ritu,
1052 3220 1143 3330 quos
1162 3260 1249 3331 poe-

188 3370 312 3424 narum
341 3371 384 3421 ac
408 3344 662 3443 suppliciorum
692 3342 898 3432 terroribus,
919 3346 1248 3426 coerceri'necelse

190 3464 252 3543 est,
284 3462 343 3535 sed
364 3457 535 3555 tanquam
556 3460 803 3535 adolescentes
825 3451 1023 3557 ingenuos,
1054 3463 1250 3541 liberaliter

189 3580 374 3660 educatos,
399 3565 551 3672 'optimis
577 3574 895 3660 artibus'imbutos,
927 3578 1048 3653 omnis
1069 3580 1250 3677 praestan-

188 3695 272 3776 tiae,
304 3690 421 3765 laudis
446 3673 652 3762 ac‘virtutis
680 3686 937 3783 cupidissimos,
977 3693 1143 3778 honeste,
1173 3716 1250 3768 mo-

189 3806 280 3881 deste
316 3819 352 3879 et
381 3805 553 3878 decenter
579 3799 648 3906 esse
672 3802 839 3879 vidoros,
906 3803 1033 3903 ltaque
1064 3806 1249 3905 disciplina

189 3920 409 4002 academica,
450 3941 533 3992 cum
559 3916 638 3991 aliis
661 3916 708 3990 de
744 3916 967 4007 rationibus,
1015 3933 1094 3997 turn
1119 3920 1249 4017 potiffi-

189 4058 284 4110 mum
302 4036 370 4110 bac
390 4033 439 4108 de
454 4032 587 4117 caulia,
623 4032 743 4105 minus
761 4031 882 4107 seuera
905 4058 948 4109 ac
968 4032 1094 4118 tristis,
1125 4034 1248 4113 minos

189 4152 297 4258 rigida
320 4173 363 4223 ac
386 4148 475 4223 dura
503 4146 571 4222 else
596 4144 701 4229 solet;
733 4171 807 4225 non
834 4152 932 4247 quod
959 4148 1100 4247 imperii
1126 4150 1180 4227 vis
1204 4174 1247 4229 ac

189 4266 292 4340 robur
315 4260 385 4338 hac'
411 4265 446 4337 in
471 4276 571 4362 parte
598 4262 776 4340 claudicet
798 4275 835 4338 et
864 4262 1027 4351 vacillet,
1070 4274 1139 4342 nec
1163 4259 1245 4341 satis

1129 4381 1249 4459 valeat
