3200 5225
356 590 464 681 ιιι
746 551 1027 644 ἓξὲξ.

329 776 334 783 ·
363 753 529 856 grauiore
549 758 723 849 aequatur
739 761 785 826 et
806 703 1055 847 compensatur
1078 747 1302 836 calamitate,
1345 773 1426 832 cunr

361 871 456 950 intra
478 889 640 946 annuum
658 859 813 962 spatium
839 861 1076 940 Curatorem
1089 851 1208 943 efferii
1235 851 1426 944 videamus

363 984 441 1084 post
464 984 622 1087 priorem
648 981 821 1074 alterum,
850 975 1074 1082 lustumque,
1104 966 1212 1074 quem
1235 993 1367 1054 natura
1392 985 1424 1056 ιι

274 1094 280 1100 ’
363 1097 476 1198 patris
488 1096 616 1172 funere
636 1089 746 1170 semel
761 1102 902 1169 tantum
921 1091 1009 1164 dare
1030 1089 1165 1188 potest
1193 1091 1248 1166 bis
1266 1096 1445 1206 essperia

365 1233 466 1298 mur,
494 1208 742 1338 Parentisque
752 1204 1015 1306 indulgentiam
1033 1217 1071 1280 et
1099 1209 1263 1282 amorem
1288 1195 1350 1284 bis
1369 1209 1427 1284 de-

365 1318 658 1418 fideremus?
885 1423 888 1426 Ι
1148 1344 1153 1392 1
1210 1384 1213 1402 1.
1354 1432 1359 1440 ,
1445 1330 1446 1406 l

480 1551 597 1638 Quam
619 1570 718 1625 nunc
732 1544 855 1653 piget,
895 1566 978 1620 cum
1001 1556 1125 1624 mente
1148 1557 1186 1624 et
1210 1543 1447 1644 cogitationai

365 1648 505 1795 lingula
527 1663 778 1746 recensemus,
819 1657 992 1738 Kalendis
1012 1663 1121 1754 modo
1147 1663 1366 1740 memoratis
1382 1667 1447 1740 la·

369 1779 505 1858 nunriis
526 1788 772 1854 enumeratae
796 1768 901 1850 nobis
925 1769 993 1850 else
1016 1787 1053 1850 et
1076 1776 1115 1852 in
1145 1797 1217 1852 vno
1239 1777 1448 1898 conspellug

287 1935 294 1944 ι
368 1891 481 1996 posita
504 1903 560 1968 tot
587 1904 625 1966 et
652 1899 753 1966 tanta
780 1884 896 1972 bona,
936 1909 1028 1984 quae
1052 1889 1092 1964 in
1114 1909 1186 1998 vno
1202 1836 1448 1980 BEl-IRIO

284 1997 287 2002 ’
369 2002 477 2084 nobis
499 2004 667 2100 largitum
692 2012 769 2076 erat
789 1997 926 2075 bonum
952 2001 1107 2080 numeni
1139 1991 1309 2080 Nullum
1326 2008 1429 2084 enim

353 2115 496 2199 ¹eorum
518 2117 586 2204 est,
613 2116 710 2213 quod
731 2137 829 2189 nunc
849 2109 984 2202 doloris
999 2115 1107 2191 nostri
1121 2115 1253 2214 caullas
1277 2118 1449 2228 gramffi
1448 2088 1449 2156 l

371 2257 452 2313 mas
474 2257 551 2323 nou
575 2231 779 2313 contineat,
816 2249 889 2302 non
911 2227 1131 2318 accumulet!
1170 2227 1302 2306 Mirata
1327 2233 1433 2310 estet

370 2348 547 2446 gratulata
575 2341 776 2420 Academia
788 2341 1001 2418 Curatorem
1024 2366 1066 2418 ac
1086 2327 1313 2420 Nutritorem
1334 2347 1433 2424 suurn

372 2461 604 2557 eundemque
620 2459 721 2534 suum
737 2456 824 2529 olim
841 2453 1026 2530 nutritium
1043 2467 1082 2531 et
1095 2455 1305 2542 alumnum
1335 2461 1436 2556 luget

340 2571 472 2663 ,nunc
492 2571 622 2650 eadem
646 2582 684 2647 et
716 2566 904 2658 ademtum
936 2563 1048 2647 deflet
1079 2565 1291 2649 Curatorem
1321 2571 1451 2665 suuml

286 2776 289 2780 J
374 2686 605 2787 eundemque
626 2686 813 2760 alumnum
837 2683 924 2758 olim
957 2682 1088 2770 suum,
1136 2686 1371 2785 primumque
1396 2715 1437 2767 ex

373 2802 548 2895 nubilium
565 2798 712 2885 ordine,
740 2796 779 2873 in
797 2818 905 2895 quem
916 2788 1080 2873 honores
1098 2800 1329 2877 academicos
1346 2800 1437 2879 lum-

373 2911 455 2993 mos
476 2916 513 2993 in
531 2913 616 2991 lure
641 2903 812 2997 contulit,
846 2913 1021 3008 primum,
1060 2911 1121 3009 qui
1144 2908 1182 2989 in
1200 2914 1320 2991 nostra
1338 2918 1439 2993 dilci·

371 3031 473 3133 plina
485 3027 685 3133 'innutritus
699 3025 746 3099 ad
761 3021 1027 3123 grauiora'ueip.
1045 3048 1195 3103 munera
1217 3022 1286 3103 fuit
1309 3032 1438 3107 admo-

342 3175 345 3180 ’
374 3142 456 3231 ιιιε,
482 3140 544 3241 qui
566 3142 624 3218 his
646 3138 729 3239 ιρις
751 3139 857 3215 terris
876 3139 1048 3233 regundis
1070 3136 1206 3235 Regiae
1220 3140 1439 3223 Maiestatis

374 3255 669 3354 ιιιιιιιιιιιιιοιιιιι,
700 3275 763 3352 qur
750 3249 1190 3349 Regilndulgentilfimo
1210 3254 1439 3337 Academiae

373 3371 458 3450 luae
488 3345 621 3447 lrutius
652 3378 690 3443 et
731 3368 903 3444 utilitates
940 3366 999 3442 lua
1037 3366 1258 3463 experientia
1301 3367 1440 3481 suoque

375 3485 543 3583 exemplo
570 3482 785 3565 declarauit;
818 3478 856 3554 id
881 3479 977 3575 quod
1000 3480 1157 3580 optimus
1185 3480 1319 3561 virita
1351 3489 1440 3583 egit,

373 3597 466 3678 utin
483 3621 528 3673 eo
543 3584 736 3695 praestaret
751 3593 921 3692 pietatem
939 3592 1095 3677 nutritii,
1132 3592 1320 3692 nihilque'
1309 3621 1343 3675 rs
1362 3624 1440 3677 ma·

313 3719 318 3727 '
372 3712 449 3788 iore
466 3734 549 3788 cum
561 3708 748 3793 sedulitate
767 3706 987 3792 allaborante.
1013 3730 1121 3803 quam
1129 3719 1169 3784 vt
1184 3709 1440 3809 sapientillimo

371 3821 466 3921 Regi
481 3823 660 3919 Georgiae
679 3822 761 3898 luae
779 3817 962 3917 Augustae
984 3811 1203 3899 fortunam
1192 3838 1379 3941 ingratae
1404 3838 1440 3905 et

297 3979 302 3987 ·
371 3940 551 4019 iucundae
573 3957 680 4029 curae
697 3949 798 4037 parte
818 3945 979 4035 poneret.
1203 3956 1207 3963 ’

483 4165 587 4253 Del
609 4160 723 4240 modo
734 4160 889 4241 DeurO.
918 4160 976 4238 M.
1001 4163 1123 4247 vitan,
1168 4182 1266 4259 quum
1286 4176 1437 4251 merciam

343 4255 564 4399 „sciretque
587 4282 749 4369 animum,
786 4299 877 4376 quern
900 4273 1006 4354 dedit:
1043 4270 1165 4355 indm
1181 4276 1355 4377 putabunt
1373 4305 1439 4374 po-

1205 4452 1211 4459 .
1323 4394 1439 4492 „steri
