3200 5225
543 515 842 593 .---·“““““““““““--τ.
953 559 956 582 ι
1049 577 1063 594 „
1114 510 1235 611 '269

176 735 239 812 quo
258 707 421 784 rudiores
439 681 476 780 et
499 700 807 782 horridioressrot
827 718 970 805 mores,
998 727 1043 778 eo
1059 701 1231 800 grauiori-

176 827 240 900 bus
260 847 323 899 eos
350 822 476 920 poenis
500 844 541 893 ac
564 818 744 915 suppliciis
769 817 947 912 illigent3·
965 841 1035 916 quo
1060 809 1146 891 uero
1163 818 1231 892 mi·

176 945 277 1015 tiores
302 951 340 1010 et
370 933 627 1028 mansuetiores
654 934 788 1006 ciuium
820 931 962 1006 suorum
993 931 1062 1006 else
1087 928 1230 1021 animos

177 1068 335 1135 cernant,
357 1055 412 1122 'eo
442 1048 562 1123 minus
581 1069 791 1142 ‘poenarum
816 1047 947 1130 metui,
975 1048 1058 1146 plus
1081 1042 1232 1122 honoris

178 1193 212 1242 nc
228 1167 343 1242 laudis
369 1165 483 1238 siudio
510 1160 777 1258 honestatisque
801 1173 838 1235 et
859 1161 977 1236 bonae
1003 1151 1234 1238 existimatioss

179 1283 227 1356 nis
255 1279 410 1354 naturali
438 1277 551 1352 amori
575 1275 754 1359 tribuant;
794 1276 891 1371 quod
922 1277 1018 1350 enim
1046 1272 1174 1374 aliquis
1194 1276 1239 1365 iu
1274 1324 1302 1383 f

182 1395 383 1471 contrariam
398 1391 535 1490 partem
553 1411 756 1496 memorare
766 1387 868 1488 poffit
883 1387 1091 1465 atrociffima
1103 1388 1235 1488 suppli·

182 1511 226 1586 cia
244 1512 276 1584 in
300 1505 619 1606 Francogallorum
638 1504 791 1602 populo,
822 1503 882 1600 qui
900 1504 1126 1580 humanitate
1145 1505 1234 1580 alias

183 1638 297 1718 gentes
325 1622 492 1720 superare
518 1619 579 1692 srbi
604 1619 765 1704 videtur,
791 1617 933 1714 legibus
955 1608 1165 1704 constituta,
1196 1619 1236 1694 id

184 1753 214 1810 et
226 1736 344 1811 fimilia
361 1737 429 1809 alia
448 1733 614 1832 exempla
634 1733 742 1806 modo
758 1731 803 1806 ab
818 1732 960 1831 imperii
975 1733 1090 1810 forma
1106 1734 1152 1808 ad
1171 1733 1236 1807 do-

185 1851 378 1927 minationis
400 1849 585 1923 libidinem
601 1847 786 1943 descripta,
803 1834 927 1921 ¹modo
944 1847 991 1952 ad
1013 1871 1152 1924 morem
1171 1871 1238 1946 an·
1341 1892 1345 1901 ·

184 1965 305 2062 tiquum
324 1965 423 2046 nulla
443 1961 672 2064 regnantium
690 1985 772 2036 cura
792 1961 853 2036 vel
868 1961 1038 2057 sapientia
1060 1962 1235 2039 emenda·
1319 1976 1321 1983 '
1370 2039 1374 2044 .
1406 1990 1410 2006 ·

185 2091 249 2154 tum
265 2079 494 2154 referendum
517 2075 576 2152 est.
635 2075 745 2152 Nulla
760 2089 882 2153 autem
904 2075 953 2150 est
969 2076 1170 2176 respublica
1190 2101 1235 2152 ac

187 2194 314 2278 ciuitas,
356 2191 672 2278 nullahominum
700 2187 940 2274 consociatio,
968 2189 1006 2264 in
1034 2215 1123 2287 qua,
1153 2202 1243 2272 tum
1288 2190 1293 2201 ’

187 2307 414 2407 constituenda
428 2305 441 2390 ‚'
468 2320 545 2381 tum
561 2293 861 2389 administranda,
890 2301 1007 2380 bonae
1024 2306 1170 2392 mentis,
1189 2307 1235 2402 li·
1291 2385 1295 2390 ,

187 2419 352 2497 beralioris
381 2419 613 2495 institutionis
643 2429 681 2491 et
708 2402 963 2505 educationis,
1003 2434 1040 2496 et
1063 2421 1236 2518 egregiae

188 2535 321 2611 alicuius
348 2537 397 2611 ad
428 2533 724 2619 existimationem
750 2529 788 2619 ,”
806 2532 947 2608 laudem
987 2547 1025 2624 et
1053 2522 1253 2628 bonorum

188 2651 331 2727 omnium
348 2650 650 2725 beneuolentiam
663 2648 952 2745 consequendam
971 2650 1229 2747 propensronis,
1333 2683 1337 2687 -

188 2770 357 2863 tantopere
374 2768 476 2837 ratio
502 2763 694 2847 habeatur,
733 2785 841 2860 quam
866 2764 1076 2840 uniuersrtas
1096 2767 1234 2843 littera-

189 2878 247 2960 ria;
274 2882 446 2980 adquam
472 2878 531 2975 qui
550 2874 737 2975 confluunt
761 2889 798 2952 et
813 2876 967 2977 ciuitatis
991 2879 1047 2956 ius
1073 2878 1136 2958 fibi
1163 2883 1232 2961 im·

189 3003 330 3084 petunt,
362 2986 408 3068 eo
424 2994 517 3089 ipso,
550 2992 645 3089 quod
664 3014 798 3066 nomen
814 2992 915 3070 suum
931 2993 1164 3091 profitentur,
1184 2998 1236 3074 sa·

191 3110 344 3182 crementi
365 3106 468 3181 velut
493 3107 668 3201 religione
696 3106 767 3181 sese
795 3104 1048 3203 obstringunt,
1096 3111 1234 3189 senon
1315 3161 1317 3170 =

191 3214 392 3310 plebeiorum
409 3246 451 3297 ac
468 3221 688 3311 sordidorum
708 3220 899 3311 hominum
925 3224 1006 3308 ritu,
1030 3211 1129 3321 ‘quos
1147 3210 1241 3322 poe-⁴

193 3353 300 3409 narum
328 3362 370 3412 ac
395 3334 651 3434 suppliciorum
668 3334 885 3423 terroribus,
905 3336 1078 3436 coerceri
1092 3341 1234 3417 necesse

194 3444 247 3526 est.
276 3450 330 3524 sed
351 3448 522 3547 tanquam
543 3448 788 3526 adolescentes
811 3443 1009 3547 ingenuos,
1039 3453 1235 3531 liberaliter

193 3560 361 3651 educatos,
392 3568 537 3664 optimis
563 3564 893 3651 artibus'imbutos,
914 3568 1034 3643 omnis
1055 3570 1250 3667 praestan-⁴

193 3672 264 3759 tiae,
293 3680 408 3754 laudis
433 3660 638 3755 ac'virtutis
666 3677 924 3774 cupidissimos,
962 3683 1129 3786 honeste,
1157 3708 1235 3759 mo·

194 3784 272 3862 delle
305 3808 340 3867 et
368 3796 539 3869 decenter
566 3791 634 3899 esse
658 3794 825 3869 vidoros
892 3794 1019 3894 ltaque
1049 3798 1235 3895 disciplina
1328 3886 1329 3889 Ἴ

194 3904 395 3995 academica,
437 3932 519 3984 cum
545 3908 624 3983 aliis
647 3908 694 3981 de
730 3908 954 4006 rationibus,
1001 3925 1080 3987 tum
1104 3912 1235 4009 potiffi·
1364 3968 1368 3974 ‚

194 4030 276 4090 mum
293 4020 358 4097 hac
378 4024 426 4099 de·
441 4022 574 4109 caussa,
592 4082 594 4087 .
609 4023 729 4096 minus
747 4021 869 4114 seuera
891 4049 934 4099 ac
954 4024 1080 4110 tristis,
1110 4028 1233 4104 minus
1329 4054 1332 4058 ’

195 4124 289 4234 rigida
311 4159 351 4211 ac
374 4140 461 4213 dura
489 4137 558 4213 esse
580 4136 687 4220 solet;
719 4162 792 4215 non
820 4142 919 4237 quod
946 4142 1086 4237 imperii
1111 4143 1165 4217 vis
1189 4168 1233 4222 ec

195 4238 284 4318 robur
305 4248 372 4327 hac
398 4255 432 4328 in
458 4267 557 4353 parte
584 4253 761 4331 claudicet
784 4266 821 4329 et
851 4254 1013 4342 vacillet,
1055 4267 1124 4333 n'ec
1148 4249 1231 4332 satis

1115 4373 1235 4452 valeat
