3200 5225
416 471 424 478 .

578 595 656 620 1¹.

516 627 855 667 ,mn-

922 690 926 702 Ι

1162 663 1248 746 4¹⁷

146 812 279 896 33333
303 793 437 893 annum
452 807 738 922 parentabamus
761 773 1146 933 MVNCHHVSII
1170 818 1248 891 Μ3·

146 926 302 1010 ‘nibusl
344 911 648 1028 quomadmodum
675 929 804 1004 summi
832 916 899 1004 viii
924 933 975 1004 ad
998 931 1093 1004 hanc
1117 931 1247 1007 vrbem

146 1038 361 1134 'accessos‘
351 1067 388 1119 tu
407 1043 564 1124 eundem
586 1045 681 1117 diem
697 1037 750 1142 ’3)
772 1037 918 1152 incidit,
953 1044 1013 1140 qui
1033 1032 1129 1120 3333
1133 1046 1247 1142 lupe·

146 1153 272 1238 33333
299 1149 740 1236 MVNCHHVSlIf
736 1138 840 1232 uerat
864 1147 1091 1236 emortualis.
1177 1142 1251 1234 23·
1351 1172 1355 1179 “

146 1268 336 1351 3133333
325 1297 363 1351 to
380 1275 486 1348 rebus
510 1273 679 1346 humanis
703 1269 830 1346 ludum
859 1273 1069 1348 meministis
1084 1253 1246 1370 uuquam

148 1360 340 1466 3333332
368 1399 431 1461 aut
451 1370 723 1474 stmcminillis,
754 1383 916 1498 potestne
941 1389 1083 1461 animus
1105 1387 1245 1461 aduerti

146 1499 224 1580 lad
242 1501 350 1586 haec,
382 1500 468 1598 quin
493 1522 613 1575 rerum
644 1491 884 1600 humanarum
907 1501 1081 1597 fragilitas
1115 1514 1153 1573 et
1177 1498 1246 1574 irn-

146 1615 160 1663 3
176 1606 355 1694 becrllrtas
376 1614 616 1712 fortunaeque
634 1595 870 1690 inconstantia
886 1616 1024 1689 lumina
1041 1613 1064 1686 s
1068 1614 1144 1687 mul
1155 1635 1246 1710 pun·

146 1730 259 1828 ²,gat
288 1727 512 1806 inanimum
539 1730 576 1803 le
604 1726 758 1804 infinuet
779 1740 836 1804 'et
847 1740 1019 1826 tanquam
1047 1729 1247 1803 candentes

152 1845 325 1921 aculeos
348 1834 505 1939 infigat?
534 1841 724 1928 Placetne,
762 1837 892 1940 siquis
903 1841 1025 1918 'talem
1050 1863 1169 1947 rernm
1194 1841 1246 1915 vi·
1338 1900 1340 1907 ,

146 1955 412 2036 lciffitndinem
432 1947 715 2146 contemplatur,
746 1958 783 2031 in
807 1959 876 2032 ulla
898 1980 947 2042 re,
978 1980 1072 2063 quae
1085 1955 1247 2030 mortali·

146 2075 294 2150 ·tatetr’r
316 2068 431 2156 hanc,
460 2093 510 2147 mr
515 2071 627 2146 eram
646 2083 683 2146 et
697 2072 889 2157 caducam
916 2073 1074 2167 attingit,
1104 2071 1247 2168 acquie-

150 2181 303 2265 icere?
338 2185 401 2261 vlli
412 2181 563 2269 consilio
582 2209 624 2260 ac
641 2196 745 2271 voto,
773 2187 882 2258 etiarn
898 2185 970 2260 leui
990 2203 1031 2258 33
1042 2185 1245 2268 temerario,

172 2296 372 2385 confidere,
388 2321 470 2374 curn
484 2300 620 2400 summa
636 2310 675 2372 et
688 2292 871 2375 clariffima
889 2301 1092 2375 mortalium
1104 2294 1247 2374 confilia

146 2422 152 2469 3
172 2436 250 2491 vno
260 2411 381 2489 tltuac
398 2421 584 2488 momento
594 2413 637 2486 ad
651 2409 803 2488 nihilum
815 2411 1004 2488 recidant?
1025 2440 1069 2488 an
1082 2410 1245 2512 praestat,

146 2532 222 2606 tad
249 2519 411 2603 meliotis
435 2530 529 2601 'vitae
552 2523 707 2613 stulius,
746 2523 950 2606 constantes
978 2543 1014 2602 et
1038 2538 1244 2636 perpetuom
1285 2549 1289 2555 ·
1328 2563 1332 2574 ¹

146 2653 339 2722 [mentem
351 2656 387 2717 et
396 2642 651 2738 cogitationem
662 2640 866 2727 transferre
884 2624 1245 2771 animumqueabhn·

146 2768 152 2815 l
171 2748 322 2835 milibus
334 2753 427 2841 curis
443 2760 487 2832 ad
497 2751 655 2861 generos
660 2777 719 2829 ora
738 2768 852 2852 eaque
867 2760 1014 2831 aeterna
1031 2770 1067 2830 et
1083 2756 1245 2830 ¹uereim·

169 2870 341 2949 r'nortalia
352 2866 672 2967 'confiliaerig'erei
690 2870 829 2946 Eodem
838 2866 986 2956 hoodie
999 2870 1100 2946 fimtlr
1109 2868 1244 2953 libello

147 2987 389 3085 quovobis,
415 2980 542 3070 Ciues,
570 2980 705 3061 lulium
735 3008 834 3059 nunc
858 2978 1015 3059 nostrum
1046 2993 1082 3059 et
1106 2980 1245 3106 squalo-

173 3112 271 3185 rem,
266 3097 595 3177 BEHRlOsuo
611 3097 733 3173 orbata
752 3098 943 3197 republica
961 3091 1165 3199 indicimus,
1185 3120 1247 3169 33·
1308 3095 1310 3100 ’
1398 3135 1403 3150 =

171 3216 265 3291 dem
291 3216 372 3299 die,
402 3204 584 3289 utrarum
602 3213 859 3293 humanarum
888 3214 998 3288 miras
1028 3226 1066 3290 et
1089 3179 1254 3347 intertui·¹

170 3330 278 3405 vices
303 3320 374 3403 hoc
395 3339 566 3427 tanquam
597 3326 764 3423 exemplo
794 3327 1042 3431 cognoscatis,
1074 3304 1246 3416 quenes,
1361 3341 1362 3346 ‘

169 3442 331 3519 codem
322 3441 431 3537 igitur
449 3441 519 3527 die,
526 3438 584 3514 ad
603 3442 775 3516 easdem
765 3444 926 3519 ineuntis
944 3434 1178 3536 annihuius,
1185 3438 1248 3538 qui

169 3578 279 3634 nunc
297 3558 390 3659 exit,
427 3554 609 3647 Kalendas
633 3556 837 3639 lanuarias,
855 3555 1061 3645 laetabundi
1085 3571 1122 3649 et
1148 3547 1248 3663 exul·

170 3680 302 3747 rantes
324 3669 444 3744 datam
472 3679 508 3742 et
526 3666 725 3764 susceptam
752 3667 1010 3747 aBEHRIO
1033 3673 1183 3746 tutelam
1210 3671 1248 3741 e't

168 3806 304 3863 curam
326 3786 414 3880 reip.
442 3767 589 3859 nostrae
601 3780 869 3875 gratulabamur
883 3782 1046 3890 publice
1059 3792 1095 3858 et
1109 3782 1247 3859 indice

167 3898 338 3976 bamus.
378 3884 525 3975 Scilicet
547 3918 639 3995 quae
658 3892 880 3974 Academiae
895 3896 1042 3975 nostrae
1061 3892 1248 3993 fingularis
1317 3990 1322 4000 ι

168 4024 258 4088 erat
273 4010 436 4099 felicitas,
464 4024 503 4086 vt
519 4013 609 4087 intra
622 4006 785 4085 XXXlll
808 4034 924 4088 annos
924 3994 1082 4087 eodem
1091 4009 1263 4094 stetiffec‘

168 4124 389 4203 adoleuillet
416 4139 454 4203 et
482 4124 669 4213 llnruillet,
711 4127 905 4214 curatore,
938 4147 1000 4203 ea
1015 4148 1113 4203 nunc
1145 4135 1260 4201 tanto-

1194 4256 1249 4316 33·

239 4340 276 4431 f)
296 4336 470 4412 n.xxv1
488 4340 643 4409 nnuma.
1168 4260 1193 4335 g

698 4459 778 4552 33,
810 4439 812 4446 '
