3200 5225
534 592 832 672 *m

550 667 827 690 -οἪ

1147 689 1197 765 25
1206 695 1232 770 7

147 801 281 876 nultus
294 823 478 908 agrorum,
498 817 547 881 ‘et
562 801 755 906 operarum
770 817 808 892 in
827 837 1005 917 prouentu
1021 815 1073 910 a'd'
1095 840 1227 918 attium

147 939 248 1009 opus
266 915 499 1020 elaborando,
531 926 632 1003 cuius
650 939 917 1025 permutatione
934 943 1087 1024 aliunde·
1100 959 1226 1051 copiae

149 1031 226 1126 peti
254 1043 296 1105 et
318 1033 502 1131 importari
527 1038 672 1144 polllnt,
704 1049 832 1140 partim
858 1053 919 1128 seu
946 1048 1147 1154 paucorum*
1165 1072 1227 1150 feu
1282 1099 1285 1106 ⁴

147 1145 311 1240 plurium
338 1149 477 1222 luxurie
506 1166 544 1226 et
563 1155 767 1248 profufiooe
786 1166 832 1274 ad
857 1171 1082 1252 moderatum
1111 1207 1224 1280 opum
1268 1227 1269 1232 =

147 1259 276 1344 ulum,
307 1261 472 1358 adeoque
498 1270 545 1339 ad
574 1269 818 1383 frugalitatum
850 1299 1055 1376 reuocato,
1092 1318 1161 1392 qua
1184 1303 1253 1380 iu¹

147 1394 293 1453 morem
310 1377 409 1452 versa
427 1395 464 1454 et
484 1382 534 1455 ali
546 1383 669 1479 plures
686 1405 724 1462 et
739 1388 834 1466 bene
856 1397 904 1472 ali
925 1403 1075 1498 poliunt.

260 1601 343 1690 Qua
365 1603 411 1679 de
428 1601 470 1680 re
501 1631 585 1684 cum
609 1613 697 1688 mibi
715 1615 767 1693 ita
783 1619 868 1698 eliet
890 1627 1159 1726 disputandum,
1179 1655 1221 1720 vt

147 1739 213 1790 uec
233 1719 283 1790 ad
301 1741 437 1812 meram
455 1731 808 1816 argumentationem
826 1738 979 1818 dicenda
1008 1769 1219 1835 reuocarem

147 1853 213 1904 nec
233 1833 272 1907 in
291 1854 411 1908 rerum
436 1840 613 1943 euemplis
638 1846 746 1919 nimis
769 1858 992 1932 reconditam
1016 1864 1217 1948 dutirinaur

147 1942 317 2031 feflarer,
364 1971 491 2028 verum
517 1952 689 2030 scribendi
718 1966 854 2055 genere
882 1977 1090 2079 populari„
1110 1967 1217 2078 quale
1317 2052 1322 2063 ,

151 2073 273 2136 tamen
293 2061 379 2138 illud
395 2063 495 2150 iuter⁴
506 2067 630 2144 doflos
646 2072 715 2147 effe
734 2077 855 2166 debet,
871 2101 1023 2174 uterer:
1053 2098 1216 2176 continui

150 2194 207 2246 me
224 2177 262 2249 in
281 2179 460 2275 exemplis
478 2167 712 2290 antiquitatis,
730 2212 823 2286 quae
836 2205 1041 2278 communis
1053 2221 1090 2280 et
1101 2233 1215 2309 popu·

147 2286 229 2362 laris
255 2289 438 2384 doflrinae
464 2293 596 2372 finibus
629 2303 866 2384 circumscribi
900 2315 1008 2399 folet;
1056 2324 1236 2422 cumque·
1262 2383 1263 2388 ,

147 2390 180 2476 iu
199 2403 273 2497 ipfa
305 2406 511 2500 quaestione
526 2413 591 2491 tria
608 2413 699 2488 haec
721 2416 846 2496 infrnt:
891 2417 1066 2506 maiorem
1094 2440 1211 2516 mino.
1283 2457 1285 2464 ’
1342 2484 1346 2496 .

147 2509 1231 2647 remuefrequentiam‚incolarumcuiuscunque'terraeelle¹
1293 2634 1300 2657 s

147 2632 258 2727 polle,
290 2637 439 2733 eiusque
464 2641 516 2713 tei
532 2642 684 2716 cauifam
708 2646 872 2757 inprimis
898 2656 940 2731 in'
960 2660 1131 2740 facilitate
1151 2673 1209 2747 vel

147 2746 353 2823 difficultate
374 2755 614 2846 parandarum
640 2781 779 2847 rerum,
821 2770 922 2842 vnde'
941 2774 987 2847 ali
1001 2776 1209 2860 sustentari-

149 2880 214 2955 que
230 2861 359 2959 poffint
382 2888 555 2964 corpora,
589 2870 736 2965 pofrtam
766 2878 855 2980 elie}
886 2881 911 2957 fr
940 2890 1088 2981 prouide
1108 2918 1209 2973 cura·

149 2982 219 3048 tum
236 2977 366 3064 fuerit,
398 2995 437 3053 vt
452 2982 579 3057 harum
601 3007 720 3061 rerum
739 2992 868 3071 laetior
881 3002 981 3094 copia
1005 3004 1113 3093 adfrt,
1144 3024 1208 3089 aut

150 3102 200 3173 vt,
228 3116 323 3185 quae
347 3094 462 3180 adest,
491 3097 727 3193 aequabiliter
749 3109 800 3179 ad·
819 3134 1007 3211 corporum
1036 3120 1207 3203 sustenta.

149 3204 276 3281 tionem
295 3207 539 3296 distribuatur,
573 3214 672 3309 porse
690 3218 738 3291 ita
755 3218 867 3309 effici,
907 3241 946 3301 vt
967 3228 1207 3319 iucommuni

147 3315 345 3413 frugalitate
364 3323 507 3400 alantur
528 3348 677 3424 corpor-a
696 3331 816 3426 plura,
843 3354 880 3413 et
898 3345 1027 3422 melius
1052 3344 1204 3443 alantur,

147 3434 319 3531 roburque
336 3450 373 3510 et
389 3438 550 3533 vigorem
569 3444 845 3542 consequantur,
874 3458 917 3531 ad
935 3462 1204 3549 defendendam

147 3568 228 3623 vero
247 3574 362 3648 remp.
392 3553 533 3629 animos
555 3544 698 3655 irasque
715 3562 927 3665 suscipiant,
968 3598 1059 3673 quae
1078 3566 1205 3661 infra-

147 3659 204 3738 tus
224 3688 289 3762 per
316 3668 474 3761 inopiam
499 3681 536 3743 et
559 3669 796 3765 indigentiam
824 3685 954 3761 animis
979 3698 1204 3791 corporibus·
1282 3682 1286 3697 ¹

149 3797 211 3871 que
236 3779 304 3853 elie
329 3780 469 3877 poliunt
492 3783 614 3859 nullae
640 3786 723 3861 satis
746 3792 911 3874 idoneae.
971 3804 1202 3903 Frugalitatis

147 3890 230 3965 adeo
250 3895 328 3969 laus
345 3910 383 3969 et
407 3896 520 3973 virtus
541 3923 613 4004 uon
640 3905 749 3977 modo
775 3914 933 3986 cernitur
949 3917 985 3991 in
1011 3945 1072 4009 eo,
1103 3926 1201 4019 quod
1314 3987 1317 3992 -
1356 3940 1362 3951 “

147 4026 213 4079 nou
236 4011 338 4105 plus,
377 4032 484 4105 quam
509 4033 663 4109 aequum
694 4033 794 4105 erat,
836 4022 905 4101 nec
930 4034 1044 4117 male,
1082 4061 1200 4116 neca

150 4120 265 4212 quibus
296 4125 350 4199 fas
377 4131 456 4219 nou'
476 4139 577 4210 erat,
622 4132 863 4221 consumiturt
910 4164 1034 4219 verum
1061 4148 1200 4233 inhoc

151 4254 307 4333 quoque,
352 4242 449 4335 quod
473 4266 493 4313 a
521 4245 729 4336 corporibus
756 4253 892 4329 duratis
921 4270 959 4357 et
977 4259 1072 4335 bene
1098 4264 1198 4343 habi·
1316 4349 1318 4355 ,
1364 4374 1367 4381 ,

151 4345 290 4451 tisplus
321 4376 498 4429 nouarum
520 4358 716 4457 ⁸copiarum
747 4369 940 4464 acquiritur
974 4385 1012 4450 et
1042 4394 1196 4475 paratur,

563 4475 727 4549 ΗΒ
1045 4500 1297 4587 [ουρ.
