3200 5225
349 801 442 864 rum
461 776 732 890 perturbetur
753 791 797 863 et
814 792 1050 880 euertatur3
1085 774 1292 891 opinione
1314 775 1426 866 enim

346 891 510 1020 regitur
545 889 731 1005 vulgusa
787 915 926 1006 neque
956 887 1068 976 adeo·
1096 888 1423 1004 grauiffimarum

348 1002 673 1121 dilciplinarum
687 1002 872 1120 dignitas
899 1020 943 1090 et
969 1003 1198 1092 auctoritas
1226 1001 1309 1092 elle
1325 1024 1425 1120 pot·

348 1116 411 1208 est
436 1145 624 1237 amquam
653 1114 750 1205 satis
772 1143 925 1233 magna
949 1116 1004 1204 ad
1032 1118 1229 1206 iuuenum
1255 1119 1424 1208 animos

346 1232 580 1344 tenendoS,
626 1230 826 1350 quamdiu
857 1231 952 1320 illae
975 1232 1192 1320 coniectae
1218 1233 1263 1320 in
1288 1259 1425 1336 unum

346 1347 573 1436 miscellum
603 1345 817 1438 Ordinem
845 1367 889 1434 et
914 1368 1116 1465 tanquam
1142 1345 1186 1433 in
1215 1346 1334 1434 lance
1365 1346 1425 1436 sa-

345 1480 447 1550 tura
479 1458 677 1550 confusae
702 1461 856 1549 latent.
912 1459 1089 1578 ‘ltaque
1124 1486 1325 1576 magnum
1358 1460 1424 1550 sui

346 1575 550 1668 acuminis
593 1595 637 1666 et
680 1571 892 1670 solertiae
935 1573 1240 1664 documentum
1282 1602 1425 1691 nuper

343 1687 577 1824 proposuit
602 1690 682 1778 vlr·
698 1689 1011 1812 illustrilhmus,
1039 1689 1113 1808 qui
1137 1689 1183 1777 in
1202 1687 1421 1779 academia
1448 1719 1452 1725 ’

342 1810 414 1901 sua
432 1803 656 1894 1nstaurata
673 1823 869 1920 quartum
886 1803 1098 1894 Ordinem
1116 1803 1160 1890 in
1180 1821 1269 1891 tres
1284 1801 1357 1890 dii
1381 1834 1424 1892 e·

343 1921 468 2014 scuit:
518 1919 654 2006 modo
681 1918 752 2004 ille
784 1944 997 2034 eousque
1020 1914 1121 2006 eilet
1154 1945 1320 2035 pregre
1352 1948 1421 2031 ue,

309 2051 395 2126 *vt
421 2031 682 2150 antiquarum
713 2030 947 2119 litterarum
984 2031 1204 2152 totiusque
1239 2036 1423 2154 antiqui·

342 2151 442 2245 tatis
471 2142 680 2258 studium,
719 2171 924 2232 unacum
960 2144 1080 2232 omni
1107 2148 1260 2236 artium
1279 2168 1324 2237 et
1354 2150 1421 2236 lit·

285 2281 289 2286 ’
342 2285 526 2356 terarum
555 2259 786 2376 elegantia,
814 2287 902 2348 non
923 2259 1014 2348 aliis
1029 2256 1289 2375 disciplinis,
1321 2261 1456 2352 satis-

342 2383 394 2478 ab
426 2376 509 2465 isto
538 2373 680 2464 studio
714 2375 882 2485 alienis,
922 2401 1006 2491 pro
1033 2375 1292 2488 corollario,
1327 2376 1421 2467 suh

339 2483 495 2584 istium
541 2509 614 2576 aut
651 2488 858 2576 adnexum
895 2487 975 2577 else
1008 2485 1206 2578 vdluillet
1227 2517 1256 2578 :·
1296 2488 1417 2581 suum

341 2607 445 2699 illud
471 2602 662 2693 aceteris
694 2600 903 2699 diuersum
921 2602 1134 2695 Ordinem
1155 2604 1421 2697 constituere
1462 2693 1463 2716 ,

341 2723 554 2830 debebat3
611 2718 692 2807 hac
719 2744 805 2805 vna-
829 2745 878 2805 re
902 2718 1071 2807 efficere
1098 2719 1326 2836 potuiliet,
1366 2744 1422 2812 vt
1462 2761 1463 2810 ι

342 2837 459 2928 omni
505 2835 763 2921 litteraturae
806 2833 1045 2922 humaniori
1080 2854 1127 2921 et
1160 2834 1416 2953 elegantiori

337 2954 452 3061 laus,
497 2948 638 3035 honos
668 2974 716 3035 ac
747 2946 931 3065 dignitas
960 2944 1030 3035 sua
1059 2945 1251 3037 restituta
1281 2948 1415 3041 elset:
1461 3001 1462 3034 ,

338 3070 399 3154 ita
424 3061 593 3153 tandem
611 3061 664 3149 ad
693 3088 762 3149 eas
784 3062 970 3172 litteras,
994 3060 1081 3151 stne
1102 3064 1255 3181 quibus
1281 3066 1414 3154 sacra·

337 3205 431 3271 rum
451 3178 682 3265 litterarum
698 3174 809 3263 nulla
824 3172 904 3263 else
919 3175 1067 3292 potest
1079 3177 1187 3266 iusta
1200 3179 1414 3271 autdoiha

336 3290 659 3409 interpretati0,
697 3310 741 3377 et
759 3291 949 3408 equibus
973 3316 1114 3381 rerum
1144 3295 1413 3413 arrtiquarum

333 3406 565 3516 memoria,
623 3402 893 3521 philosophia
908 3458 945 3515 ,-
983 3407 1252 3525 ingeniorum
1285 3436 1412 3498 orna·

334 3540 496 3613 menta
529 3516 841 3637 disciplinarum
866 3516 1041 3609 exordia
1064 3544 1110 3609 et
1131 3522 1410 3637 incrementa,

329 3656 460 3757 peteo
495 3633 654 3745 asunt,
684 3632 996 3723 adducerentur
1019 3637 1215 3746 iuueneS,
1242 3666 1339 3725 cum
1362 3640 1410 3729 in
1458 3747 1459 3750 p

332 3749 556 3865 academiis
579 3748 678 3865 ipfis
704 3775 773 3837 eas
802 3775 890 3837 non
917 3751 1113 3839 omnibus
1142 3752 1317 3872 reliquis
1344 3752 1410 3842 dl·

328 3864 517 3983 ·l'clplinis
550 3860 793 3979 posthaberi
833 3862 1068 3976 viderent,
1138 3891 1220 3953 nec
1251 3866 1409 3958 dubito

329 3984 432 4103 quin
451 4006 499 4069 ea
517 3976 745 4089 academia,
810 4004 888 4065 uae
904 3977 995 4067 suas
1013 3977 1200 4075 rationes
1218 3982 1271 4070 ad
1290 3982 1408 4072 hurle

327 4095 504 4187 modum
526 4089 755 4210 aliquando
779 4004 1034 4206 dispositum
1064 4090 1154 4205 est,
1211 4097 1408 4189 omnium

329 4212 583 4329 reliquarum
611 4225 742 4321 caput
764 4204 888 4294 facile
916 4206 1097 4297 euadere
1115 4206 1265 4325 polin,
1312 4232 1402 4301 tam

325 4325 506 4417 multum
534 4321 749 4433 utilitatis,
787 4343 837 4410 ut
856 4324 1075 4417 hominum
1101 4328 1270 4441 ingenia
1289 4325 1404 4441 sunt,

1332 4470 1403 4533 res
