3200 5225
784 577 834 596 r‚⁸

569 639 848 684 ··········÷
1030 615 1336 710 ·34'9'

176 785 360 865 domicum
388 785 430 863 fit
456 759 643 864 duranda:
679 786 792 863 vestra
810 757 1047 899 bonimius.
1083 765 1243 872 officium

178 917 211 977 et
230 925 356 988 amor,
385 904 495 978 Ciues
516 897 752 990 amantiiirm'i
781 903 892 977 iidem
914 905 1018 980 nobis
1036 905 1133 995 facit,
1162 909 1242 984 fore

178 1029 214 1092 vt
239 1032 279 1092 et
296 1009 747 1116 trequentes'rollennibus
770 1017 828 1095 his
852 1017 1016 1093 intercise
1045 1023 1153 1096 etad
1179 1046 1243 1099 au·
1364 1113 1369 1121 x

179 1131 353 1234 dientiam
378 1117 531 1216 admissa,
563 1153 633 1232 quo
656 1131 818 1214 toletisf
836 1152 937 1207 more
960 1135 1082 1209 faue're
1107 1137 1246 1214 dicenti

181 1249 309 1322 velitis.
369 1245 492 1344 Atque
518 1245 588 1320 hoc
619 1245 687 1331 eii,
733 1237 897 1323 Comites
920 1247 1154 1333 iliustriffimi,
1172 1253 1245 1326 ‘iu-

180 1385 292 1438 venes
316 1359 452 1456 stirpiS,
483 1363 707 1444 animorum,
731 1358 1033 1458 ingeniorumque
1057 1365 1247 1441 nobilitate

182 1473 429 1560 florentiffimi,
458 1477 574 1581 quod,
600 1495 711 1569 quum
735 1474 814 1548 iure
850 1477 1008 1571 quodam
1040 1477 1159 1553 nostro
1182 1464 1246 1577 poss

182 1590 305 1666 tiniare
324 1585 509 1687 poffimus,
547 1587 714 1665 beneficii
730 1603 854 1664 tamen
872 1589 910 1664 in
935 1614 1003 1666 nos
1024 1593 1145 1669 collati
1162 1595 1266 1671 loco'

182 1704 403 1780 habebimus.
711 1699 713 1710 '
868 1699 872 1708 ’

291 1989 407 2069 Nobis
432 1989 572 2080 interea
593 2009 674 2062 oum
698 1985 735 2061 id
760 1976 872 2063 officii
886 1985 1090 2084 impositum
1107 1988 1168 2076 sat,
1193 2001 1244 2089 vt,
1274 2033 1278 2039 ⁴

185 2115 374 2202 antequam
392 2103 436 2179 ab
459 2103 538 2180 aliis
562 2101 636 2199 ipsa
664 2127 784 2200 pugna
807 2102 998 2178 instruatur
1023 2119 1061 2178 et
1084 2106 1248 2182 consera-

184 2234 253 2304 tur,
291 2220 365 2294 leui
397 2215 493 2316 quali
523 2217 734 2293 velitatione
770 2211 912 2293 animos
950 2208 1248 2311 experiamur'et

176 2336 348 2410 uirtutem
359 2325 612 2426 accendamus,
630 2345 739 2427 atque
753 2330 992 2426 disputatione
1003 2331 1132 2427 aliqua,
1148 2335 1258 2412 dere*

185 2445 327 2544 cognitu
344 2473 417 2524 non
438 2447 644 2530 iniucunda,
674 2442 831 2519 instituta
841 2445 888 2518 ad
899 2446 1245 2545 auditionemipsam
1338 2498 1343 2509 ,

184 2565 431 2662 proludamus;
449 2559 847 2654 ⁸reuooemusagednm
864 2559 908 2635 ad
921 2562 1248 2659 animosquaestio·
1370 2658 1373 2667 Ι

185 2702 283 2765 nem,
315 2672 422 2775 quarn
439 2699 555 2772 nuper
570 2678 706 2771 agitare
724 2675 929 2771 coepimus,
959 2678 1169 2777 deponiftcii
1181 2682 1248 2756 ori.

184 2791 305 2889 ginibur
314 2793 735 2892 frugumque'inarniorum
750 2790 841 2889 quofi
858 2790 994 2887 apochis.
1031 2792 1152 2870 Prima
1168 2794 1247 2889 qui·

186 2910 263 2983 dem
288 2908 478 2992 frumenti,
507 2902 581 2987 siue
606 2904 732 2988 tritici,
768 2903 862 2988 fiue,
898 2904 994 3001 quod
1029 2903 1247 3005 probabilius

188 3023 249 3106 eii,
297 3047 417 3119 zeae„
442 3042 525 3096 cum
556 3020 681 3116 sponte
715 3012 816 3097 enati
841 3030 928 3095 tum·
953 3021 1052 3095 cultu
1084 3020 1247 3097 humano
1303 3032 1328 3117 ζ

185 3138 242 3212 iati
273 3152 310 3213 et
344 3134 542 3225 elaborati,
584 3132 730 3227 uestigia
765 3134 804 3237 in
834 3132 1037 3230 Babylonia
1075 3134 1250 3214 iuuenilis

186 3252 283 3327 nobis
322 3251 558 3347 uidebamurr
605 3266 766 3343 eamque·
784 3249 992 3345 opinionem
1025 3258 1064 3322 vt
1089 3252 1170 3326 aliis
1193 3252 1251 3329 hi-

186 3366 363 3443 storiarum
387 3362 611 3459 argumentis
626 3356 925 3459 rationibusque,⁴
942 3361 990 3437 ita
1009 3361 1174 3462 inprimis
1192 3368 1248 3443 in·
1327 3410 1333 3415 ·

186 3480 267 3575 igni
283 3478 404 3558 Berosr
430 3484 510 3555 loco
529 3478 660 3575 firmari
682 3475 777 3575 poiie
793 3477 1065 3565 arbitrabamur.
1124 3481 1245 3567 Nunc,

188 3598 341 3689 quae'de
366 3596 495 3670 ceteris
518 3610 693 3667 terrarum
715 3578 821 3666 'orbis
848 3592 1054 3688 regionibus
1082 3596 1247 3692 reliquis·

187 3732 250 3803 que
268 3712 412 3805 frugum
446 3708 639 3803 generibus
669 3707 852 3787 obseruata
884 3708 989 3785 nobis
1013 3709 1111 3797 sunt,
1149 3710 1266 3791 bona.

189 3846 262 3901 cum
285 3828 391 3901 uenia
413 3822 545 3909 vestra,
575 3814 613 3896 iri
638 3823 799 3898 medium
816 3818 1022 3901 afferemus.

304 4100 479 4207 Aegypto
503 4103 541 4179 in
568 4114 668 4184 tauta
699 4102 761 4181 soii
793 4103 1003 4186 fertilitate,
1049 4090 1142 4199 quae
1169 4104 1266 4196 Nati,
1308 4073 1341 4167 ἰ

188 4212 356 4294 beneficio
371 4219 533 4315 contigit,
558 4220 669 4292 ullum
687 4216 859 4300 frumenti
876 4216 992 4313 genus
1004 4215 1242 4296 domesticum

191 4330 251 4407 eise
274 4348 336 4415 aut
359 4335 484 4434 sponte
510 4335 548 4409 in
572 4357 615 4409 ea
630 4335 752 4421 nasci,
789 4335 976 4411 neminem
1000 4334 1157 4428 uidimus
1182 4335 1244 4427 qui
1331 4367 1334 4376 ·

398 4476 403 4481 '
1171 4464 1241 4523 tre-
