3200 5225
1160 587 1239 676 ιιι

190 774 249 828 nus
270 750 336 828 effe
354 747 513 835 viderur,
545 748 720 826 Romanis
737 747 920 828 interdum
940 749 1070 830 oriatur
1086 753 1238 845 gemine

192 857 418 962 deciaratum)
435 859 739 964 primiostendiffe
754 862 879 960 spaffim
897 868 991 960 apud
1005 855 1239 946 ueteresme'-

193 997 373 1072 morantur,
404 977 633 1056 haeceudem
653 967 1241 1074 famahominumoreferrietce·
1360 985 1366 996 “

194 1095 306 1170 lebrari
328 1094 463 1194 potuit,
492 1091 517 1166 sr
540 1116 604 1166 eae
632 1083 754 1186 fruges
781 1093 941 1175 aliunde,
981 1117 1026 1170 ex
1050 1083 1240 1190 peregrina

196 1221 304 1294 terra,
350 1209 391 1282 in
415 1204 627 1304 Aegyptum
663 1205 827 1283 inuedtae
849 1205 989 1302 -iuere3
1025 1231 1108 1282 narn
1139 1208 1242 1284 lsrdis

198 1322 369 1398 etOfiridis
387 1315 634 1424 npminaoihil
654 1331 787 1406 nerant,
820 1321 1013 1416 quominus
1030 1322 1076 1396 ita
1095 1312 1241 1410 statuas,
1289 1377 1294 1384 -

197 1437 324 1536 quando
338 1437 521 1544 quidem,
535 1447 573 1508 vt
596 1435 697 1530 supra
715 1433 886 1519 diximus,
916 1447 1056 1510 tantum
1075 1437 1242 1514 habenda

197 1552 345 1628 ridentur
362 1552 431 1626 effe
447 1549 653 1646 symbolica.
713 1547 885 1624 Ceterum
913 1549 956 1621 ab
974 1545 1166 1647 Aegyptiis
1182 1551 1244 1630 Li·
1340 1547 1344 1555 ’

197 1663 254 1770 bya
275 1679 310 1744 et
316 1658 424 1744 forte
446 1666 565 1742 Africa
589 1663 742 1772 proprie
753 1661 866 1748 ditia,
896 1662 1096 1744 incredibili
1120 1665 1246 1742 fertili
1251 1699 1252 1704 ¹

199 1791 259 1854 tate
275 1785 366 1856 inter
384 1794 525 1856 veteres
543 1780 731 1861 celebrata,
761 1777 839 1872 agri
861 1777 1003 1858 colendi
1024 1767 1245 1893 frugumque
1301 1809 1304 1814 ·

200 1896 357 1972 rationem
381 1891 550 1989 accepiss'e
570 1891 682 1968 videri
701 1889 828 1988 potest.

180 2079 186 2088 ·
300 2034 409 2136 Apud
445 2035 666 2120 Phoenicas,
719 2046 894 2130 quantum
926 2005 1074 2138 quidem
1105 2059 1151 2112 ex
1175 2033 1290 2112 fra·‘
1422 2103 1429 2110 .

202 2156 340 2244 gmentis
383 2150 606 2238 historiarum
656 2147 1008 2240 Senchuniathouis
1034 2172 1098 2244 per
1139 2149 1246 2238 indo·

203 2261 511 2347 tium-hominem,
539 2264 729 2340 Philonem
754 2261 954 2354 Byrrum,
996 2284 1126 2355 graece
1159 2287 1247 2338 con·

203 2377 294 2452 versis
321 2381 417 2477 apud
444 2377 643 2458 'Eusebium
665 2367 713 2474 *)
743 2374 910 2470 colligas,
940 2397 1022 2450 cum
1047 2376 1085 2454 in
1115 2376 1161 2452 iis
1184 2401 1247 2452 ve-
1342 2431 1348 2441 ,

202 2503 300 2566 terum
317 2495 445 2570 saltem
460 2489 703 2574 narrationum
715 2487 1028 2587 dodrinarumque
1044 2490 1249 2586 fragmenta

204 2618 233 2679 et
247 2607 382 2705 vestigia
399 2608 504 2684 facile
524 2605 712 2703 agnoscas,
749 2605 809 2683 iila
835 2604 991 2702 primum
1014 2605 1183 2704 asperitas
1205 2631 1250 2683 ac

203 2719 325 2808 feritas,
354 2741 432 2801 tum
458 2722 570 2797 vitius
597 2722 821 2816 omninoque
845 2721 940 2794 vitae
965 2722 1170 2806 emendatio
1196 2721 1249 2827 qi·

205 2837 284 2928 guin
314 2840 429 2935 qualis
445 2837 515 2913 effe
537 2834 626 2910 solet
641 2834 876 2937 populorum,
907 2834 1059 2931 quinon
1086 2848 1160 2910 tam
1185 2834 1249 2910 ad·
1317 2927 1322 2937 Ι

205 2969 303 3025 venae
322 2955 476 3033 alicuius
492 2952 661 3049 sapientis
678 2970 812 3044 opera,
847 2967 971 3043 quarn
982 2951 1166 3023 communi
1193 2973 1250 3027 re·

204 3084 269 3139 rum
283 3066 555 3160 vicrffitudiue,
565 3089 584 3137 a
604 3062 748 3161 siluestri
766 3062 836 3138 vita
856 3062 901 3135 ad
923 3062 1102 3166 mitiorem
1121 3045 1252 3140 hume·
1287 3076 1306 3148 ἃ

207 3178 400 3280 nioremque
430 3182 565 3259 cultum
592 3156 801 3275 procedere
868 3177 1007 3252 Piautis
1030 3179 1127 3253 enim
1156 3180 1252 3277 prio·

207 3291 284 3387 cipio
300 3296 354 3371 vir
366 3298 491 3393 sponte
514 3309 643 3372 eterra
661 3294 777 3373 natis.
807 3313 893 3363 mox
918 3292 963 3365 ad
986 3290 1156 3386 arborum
1177 3292 1252 3371 fru-

206 3401 286 3492 tius,
314 3412 481 3494 tandem,
510 3412 661 3499 inuento
677 3408 748 3499 iam
765 3405 878 3491 ferro,
923 3407 967 3482 ad
990 3406 1113 3503 fruges
1136 3420 1255 3484 terrae

208 3525 338 3617 agrique
382 3526 557 3599 culturam
589 3520 749 3597 conuersi
790 3518 883 3603 sunt.
964 3520 1024 3596 Ad
1066 3523 1254 3619 Rogarem,

207 3628 298 3709 Philo
322 3642 430 3714 vertit
457 3636 622 3722 Sitonum,
662 3637 698 3715 h.
723 3636 894 3711 frumenti
919 3634 1135 3734 praefidem‚
1165 3660 1255 3711 mox

167 3826 172 3841 ,
209 3764 314 3841 autem
332 3754 482 3829 inuento
506 3753 689 3825 frumento
714 3763 751 3825 et
772 3765 911 3852 eumq,
942 3750 1055 3826 Iouem
1075 3748 1256 3849 Aratorem

210 3866 437 3968 appellatum,
485 3863 688 3942 referebant
719 3864 811 3939 haec
840 3866 990 3939 inuenta
1032 3867 1255 3943 Phoenicum

211 3978 315 4068 myrti
331 3980 405 4079 ’Ἲς
443 3981 480 4057 io
506 4005 577 4079 quo
594 4002 703 4058 nemo
732 3980 865 4083 reteris
888 3978 1061 4055 ser-monis
1084 3992 1122 4054 et
1143 3983 1258 4053 moris

1183 4119 1257 4169 oon

263 4192 295 4273 ὓ)
316 4196 417 4281 Praep.
438 4198 560 4280 Euang.
582 4196 605 4271 Ι,
631 4200 680 4262 lo.

260 4334 929 4453 ffidfflfflffipmdpffst
1037 4438 1042 4447 ι
1163 4410 1169 4422 ,
