3200 5225
269 830 283 836 „
372 745 558 822 declarant
596 747 634 817 et
665 740 840 838 cuiusque
874 743 998 840 populi
1038 741 1230 822 industriae
1260 754 1434 844 tanquam

372 855 714 960 materiasubieitae
738 856 840 940 sunt,
867 858 972 953 eique
996 870 1065 931 aut.
1081 857 1263 934 affluentia
1290 863 1351 936 sua
1375 873 1432 938 aut

373 971 565 1052 commoda
589 962 835 1071 exportatione
860 983 923 1087 aut
944 970 1027 1046 suita
1051 987 1088 1046 et
1109 974 1292 1068 ingeniosa
1317 977 1431 1052 elabo-

370 1089 512 1166 ratione
533 1109 622 1185 0pes
656 1108 699 1160 ac
724 1084 925 1182 potentiam
950 1085 1162 1171 conciliautt
1198 1113 1349 1176 earum,
1382 1093 1430 1166 in·

370 1195 500 1302 quam,
532 1220 654 1276 rerum
679 1201 844 1274 omnium
862 1202 1121 1296 promtuarium
1146 1203 1291 1300 aliquod
1314 1206 1429 1283 indier

366 1318 487 1412 magia
512 1315 703 1411 magisque
727 1314 1023 1412 locupletandum
1047 1327 1085 1389 et
1108 1320 1313 1395 ornandum
1340 1321 1426 1396 ordi·

368 1432 507 1508 nauit·
531 1429 644 1514 -Quae
668 1423 814 1525 quidem
838 1431 965 1504 omnia·
982 1437 1156 1526 quantum
1184 1433 1229 1508 ad
1255 1436 1426 1531 ampliora

239 1535 243 1542 ¹
329 1551 334 1560 '
367 1541 651 1622 studii-historici
673 1544 926 1629 incrementa.
957 1537 1195 1644 inprimisque
1219 1549 1266 1622 ad
1290 1550 1426 1624 iuueni-

365 1659 685 1765 iiqm'auimorum
709 1657 902 1732 sollertiam
931 1661 1132 1734 acuendam
1163 1673 1198 1736 et
1226 1663 1423 1757 generosio-

365 1797 444 1851 rem
464 1774 623 1884 aliquam
640 1773 849 1847 auiditatem
876 1795 918 1846 ac
940 1775 1173 1870 cupiditatem
1201 1789 1256 1851 tot
1279 1802 1324 1852 ac
1352 1791 1423 1854 tau·

364 1894 422 1959 tas
435 1905 494 1957 res
512 1880 714 1976 praeclaras
730 1881 913 1960 et‘vtiles,
937 1881 1010 1956 sine
1023 1883 1152 1976 quibus
1165 1883 1333 1960 historiae
1362 1887 1423 1963 stu·

362 2005 463 2079 dium
480 2012 544 2078 aut
559 1999 699 2075 nullum
714 2012 782 2077 aut
796 2025 930 2076 vanum
954 2017 991 2077 et
1015 1995 1179 2099 ineptum
1202 2005 1272 2086 est,
1294 2013 1420 2104 cogno·
1444 2045 1445 2052 κ

360 2123 481 2202 scendi
498 2123 619 2202 valere
631 2121 808 2236 debeam,
835 2145 984 2198 monere
1002 2149 1093 2221 opus
1109 2150 1184 2202 nou
1204 2126 1264 2203 est.

484 2337 579 2416 Cum
608 2336 744 2416 interea
776 2338 975 2416 Academia
1012 2341 1126 2424 haec,
1166 2323 1421 2424 exattistnna

357 2465 522 2566 priuatos
555 2462 710 2558 parietes
727 2500 731 2509 ι
750 2463 977 2537 incunabulis
1015 2462 1115 2546 suis,
1165 2480 1320 2561 vegetae
1353 2472 1419 2544 iam

158 2629 159 2636 κ
227 2618 231 2625 ·
356 2587 531 2665 iuuentae
564 2584 676 2661 robur·
703 2581 887 2658 sumsisset:
936 2584 1111 2660 conditori
1136 2587 1214 2661 eius
1243 2600 1281 2662 et
1317 2609 1418 2664 mem·

354 2707 430 2787 bris
450 2706 650 2789 consultum
683 2715 761 2778 ete
785 2727 826 2779 re
852 2703 963 2779 visum
980 2708 1055 2789 est,
1084 2720 1122 2785 vt
1146 2709 1207 2783 illa
1229 2710 1301 2785 iam
1328 2734 1416 2785 nouo

354 2828 657 2909 INSTITVTI
693 2825 993 2903 HlSTORlCl
1036 2830 1184 2906 nomine
1227 2844 1352 2907 ornata
1384 2830 1416 2907 in

353 2955 538 3055 publicum
559 2948 730 3045 prodiret.
817 2948 897 3023 Rex
929 2954 1050 3044 itaque
1083 2952 1201 3029 noster
1231 2952 1415 3047 augustissi·

353 3096 437 3148 mus
454 3085 492 3145 et
508 3069 790 3167 potentissrmus‚
812 3070 915 3145 cuius
933 3070 1183 3149 sacrosantlam
1199 3076 1412 3152 maiestatem

342 3218 437 3271 cum
469 3204 614 3290 propter
642 3193 733 3293 alias
768 3192 991 3268 immortales
1026 3196 1176 3272 virtutes
1214 3196 1411 3277 adoramus,
1443 3236 1444 3251 κ

348 3326 430 3390 tum
468 3315 514 3389 ob
544 3310 718 3407 infiguem
749 3315 785 3388 in
827 3314 1091 3392 vniuerfitatem
1131 3317 1224 3392 hanc
1255 3319 1413 3392 litterari·

349 3458 410 3516 am
444 3433 710 3527 indulgentiam
740 3434 876 3508 summa
913 3456 995 3510 cum
1029 3436 1411 3541 pietateverrera'mur,

182 3548 187 3554 ’
277 3594 281 3599 1
347 3556 572 3657 praeclarum
606 3551 677 3628 hoc
711 3555 756 3628 de
776 3547 957 3637 historia,
1002 3558 1146 3631 tuendis
1185 3558 1410 3653 imperiorum

347 3690 387 3759 et
420 3695 616 3771 regnorum
645 3676 806 3754 iuribus,
842 3675 1032 3754 decorrlaus
1062 3692 1099 3751 et
1125 3679 1320 3773 praefidiis,
1352 3681 1411 3755 vti·

344 3797 470 3875 lissima
488 3794 692 3889 disciplina,
728 3799 820 3872 bene
843 3802 1006 3873 merendi
1037 3798 1241 3884 confilium,
1269 3828 1333 3900 pro
1353 3800 1408 3879 ad·
1442 3836 1443 3867 u

345 3920 501 3996 mirabili
515 3905 577 3993 illa
592 3916 765 3994 facilitate
778 3942 821 3993 ac
838 3921 1032 3994 voluntatis
1050 3924 1298 4015 propensum,
1332 3946 1408 4021 qua,
1442 3888 1443 3981 i

347 4042 523 4137 quidquid
546 4061 659 4133 remp.
686 4039 840 4117 nostram
868 4041 1086 4136 amplificare
1113 4058 1150 4120 et
1181 4070 1310 4121 ornare
1342 4058 1407 4140 pot·

345 4162 416 4242 est,
452 4178 516 4238 aut
549 4161 744 4255 prouida,
786 4176 850 4235 aut
884 4166 1037 4246 annuit,
1074 4167 1184 4247 read
1220 4166 1254 4241 se
1281 4170 1405 4247 delata,
1442 4140 1443 4192 Ν

343 4296 491 4381 propter
533 4281 708 4378 inignem
745 4285 936 4361 utilitatem
974 4308 1196 4385 magnopere
1227 4290 1403 4385 probauit,

1298 4432 1404 4489 ansn-
