<?xml version="1.0" encoding="UTF-8"?>
<!DOCTYPE html PUBLIC "-//W3C//DTD XHTML 1.0 Transitional//EN"
    "http://www.w3.org/TR/xhtml1/DTD/xhtml1-transitional.dtd">
<html xmlns="http://www.w3.org/1999/xhtml" xml:lang="en" lang="en">
 <head>
  <title>
</title>
<meta http-equiv="Content-Type" content="text/html;charset=utf-8" />
  <meta name='ocr-system' content='tesseract 3.04.00' />
  <meta name='ocr-capabilities' content='ocr_page ocr_carea ocr_par ocr_line ocrx_word'/>
</head>
<body>
  <div class='ocr_page' id='page_1' title='image "./opvscvlaacademi03heyngoog_0296.png"; bbox 0 0 3200 5225; ppageno 0'>
   <div class='ocr_carea' id='block_1_1' title="bbox 273 618 1039 727">
    <p class='ocr_par' dir='ltr' id='par_1_1' title="bbox 273 585 1039 727">
     <span class='ocr_line' id='line_1_1' title="bbox 273 618 1039 727; baseline 0 -3"><span class='ocrx_word' id='word_1_1' title='bbox 273 627 302 675; x_wconf 80' lang='lat'>&#39;¹</span> <span class='ocrx_word' id='word_1_2' title='bbox 361 643 462 727; x_wconf 76' lang='lat'>278&#39;</span> <span class='ocrx_word' id='word_1_3' title='bbox 754 618 1039 678; x_wconf 49' lang='lat'>²2⁸³</span> 
     </span>
    </p>
   </div>
   <div class='ocr_carea' id='block_1_2' title="bbox 269 804 1441 1709">
    <p class='ocr_par' dir='ltr' id='par_1_2' title="bbox 269 804 1441 1709">
     <span class='ocr_line' id='line_1_2' title="bbox 364 804 1441 909; baseline -0.001 -23"><span class='ocrx_word' id='word_1_4' title='bbox 364 814 436 905; x_wconf 79' lang='lat' dir='ltr'>&#39;cae</span> <span class='ocrx_word' id='word_1_5' title='bbox 455 804 633 909; x_wconf 72' lang='lat' dir='ltr'>optimum</span> <span class='ocrx_word' id='word_1_6' title='bbox 665 809 904 908; x_wconf 83' lang='lat' dir='ltr'>magistrum,</span> <span class='ocrx_word' id='word_1_7' title='bbox 948 810 986 885; x_wconf 90' lang='lat' dir='ltr'>in</span> <span class='ocrx_word' id='word_1_8' title='bbox 1014 829 1144 886; x_wconf 82' lang='lat' dir='ltr'>monus</span> <span class='ocrx_word' id='word_1_9' title='bbox 1173 807 1325 894; x_wconf 73' lang='lat' dir='ltr'>sumitea</span> <span class='ocrx_word' id='word_1_10' title='bbox 1375 821 1441 886; x_wconf 86' lang='lat' dir='ltr'>aut</span> 
     </span>
     <span class='ocr_line' id='line_1_3' title="bbox 367 919 1437 1024; baseline -0.005 -20"><span class='ocrx_word' id='word_1_11' title='bbox 367 925 432 1024; x_wconf 83' lang='lat' dir='ltr'>ipfi</span> <span class='ocrx_word' id='word_1_12' title='bbox 456 919 591 1022; x_wconf 79' lang='lat' dir='ltr'>afiquid</span> <span class='ocrx_word' id='word_1_13' title='bbox 617 927 655 1000; x_wconf 90' lang='lat' dir='ltr'>in</span> <span class='ocrx_word' id='word_1_14' title='bbox 680 929 842 1002; x_wconf 81' lang='lat' dir='ltr'>chartam</span> <span class='ocrx_word' id='word_1_15' title='bbox 872 925 1067 1010; x_wconf 64' lang='lat' dir='ltr'>conicite,</span> <span class='ocrx_word' id='word_1_16' title='bbox 1112 923 1319 1002; x_wconf 78' lang='lat' dir='ltr'>vet-versus</span> <span class='ocrx_word' id='word_1_17' title='bbox 1349 947 1437 1020; x_wconf 86' lang='lat' dir='ltr'>pan·</span> 
     </span>
     <span class='ocr_line' id='line_1_4' title="bbox 367 1038 1435 1136; baseline 0.002 -23"><span class='ocrx_word' id='word_1_18' title='bbox 367 1042 461 1136; x_wconf 88' lang='lat' dir='ltr'>gite,</span> <span class='ocrx_word' id='word_1_19' title='bbox 494 1042 614 1116; x_wconf 88' lang='lat' dir='ltr'>leuius</span> <span class='ocrx_word' id='word_1_20' title='bbox 642 1057 740 1116; x_wconf 85' lang='lat' dir='ltr'>certe</span> <span class='ocrx_word' id='word_1_21' title='bbox 772 1064 815 1114; x_wconf 91' lang='lat' dir='ltr'>ac</span> <span class='ocrx_word' id='word_1_22' title='bbox 848 1039 1071 1116; x_wconf 81' lang='lat' dir='ltr'>tolerabilius</span> <span class='ocrx_word' id='word_1_23' title='bbox 1105 1038 1289 1116; x_wconf 80' lang='lat' dir='ltr'>insaniatis</span> <span class='ocrx_word' id='word_1_24' title='bbox 1324 1063 1435 1135; x_wconf 88' lang='lat' dir='ltr'>quam</span> 
     </span>
     <span class='ocr_line' id='line_1_5' title="bbox 365 1153 1436 1251; baseline -0.003 -21"><span class='ocrx_word' id='word_1_25' title='bbox 365 1155 538 1230; x_wconf 88' lang='lat' dir='ltr'>bacchico</span> <span class='ocrx_word' id='word_1_26' title='bbox 559 1157 691 1231; x_wconf 83' lang='lat' dir='ltr'>furore.</span> <span class='ocrx_word' id='word_1_27' title='bbox 751 1157 969 1232; x_wconf 80' lang='lat' dir='ltr'>Exterotum</span> <span class='ocrx_word' id='word_1_28' title='bbox 990 1154 1205 1251; x_wconf 84' lang='lat' dir='ltr'>populorum</span> <span class='ocrx_word' id='word_1_29' title='bbox 1228 1153 1436 1250; x_wconf 81' lang='lat' dir='ltr'>descriptio·</span> 
     </span>
     <span class='ocr_line' id='line_1_6' title="bbox 363 1268 1433 1366; baseline -0.002 -22"><span class='ocrx_word' id='word_1_30' title='bbox 363 1270 473 1344; x_wconf 88' lang='lat' dir='ltr'>nibus</span> <span class='ocrx_word' id='word_1_31' title='bbox 513 1271 759 1366; x_wconf 81' lang='lat' dir='ltr'>itinerumque</span> <span class='ocrx_word' id='word_1_32' title='bbox 789 1292 833 1343; x_wconf 90' lang='lat' dir='ltr'>ac</span> <span class='ocrx_word' id='word_1_33' title='bbox 861 1271 1141 1362; x_wconf 62' lang='lat' dir='ltr'>nauigatinnu‘m·</span> <span class='ocrx_word' id='word_1_34' title='bbox 1168 1268 1433 1344; x_wconf 76' lang='lat' dir='ltr'>narrationibus</span> 
     </span>
     <span class='ocr_line' id='line_1_7' title="bbox 269 1382 1434 1481; baseline 0 -23"><span class='ocrx_word' id='word_1_35' title='bbox 269 1387 271 1391; x_wconf 74' lang='grc'>’</span> <span class='ocrx_word' id='word_1_36' title='bbox 363 1397 538 1480; x_wconf 83' lang='lat' dir='ltr'>quantum</span> <span class='ocrx_word' id='word_1_37' title='bbox 570 1385 768 1480; x_wconf 75' lang='lat' dir='ltr'>oouptatis</span> <span class='ocrx_word' id='word_1_38' title='bbox 801 1383 1061 1458; x_wconf 84' lang='lat' dir='ltr'>honestiflimae</span> <span class='ocrx_word' id='word_1_39' title='bbox 1093 1383 1172 1481; x_wconf 86' lang='lat' dir='ltr'>capi</span> <span class='ocrx_word' id='word_1_40' title='bbox 1204 1382 1345 1481; x_wconf 82' lang='lat' dir='ltr'>potest!</span> <span class='ocrx_word' id='word_1_41' title='bbox 1386 1383 1434 1458; x_wconf 78' lang='lat' dir='ltr'>At</span> 
     </span>
     <span class='ocr_line' id='line_1_8' title="bbox 363 1497 1433 1594; baseline 0 -21"><span class='ocrx_word' id='word_1_42' title='bbox 363 1499 529 1573; x_wconf 74' lang='lat' dir='ltr'>teutonis</span> <span class='ocrx_word' id='word_1_43' title='bbox 551 1499 688 1576; x_wconf 87' lang='lat' dir='ltr'>taedet.</span> <span class='ocrx_word' id='word_1_44' title='bbox 745 1498 880 1581; x_wconf 71' lang='lat' dir='ltr'>,Redea</span> <span class='ocrx_word' id='word_1_45' title='bbox 906 1500 978 1572; x_wconf 78' lang='lat' dir='ltr'>iant</span> <span class='ocrx_word' id='word_1_46' title='bbox 1004 1497 1173 1594; x_wconf 85' lang='lat' dir='ltr'>penicillo</span> <span class='ocrx_word' id='word_1_47' title='bbox 1198 1497 1349 1594; x_wconf 76' lang='lat' dir='ltr'>pidorio</span> <span class='ocrx_word' id='word_1_48' title='bbox 1372 1511 1433 1574; x_wconf 85' lang='lat' dir='ltr'>aut</span> 
     </span>
     <span class='ocr_line' id='line_1_9' title="bbox 362 1611 1431 1709; baseline -0.001 -22"><span class='ocrx_word' id='word_1_49' title='bbox 362 1614 504 1687; x_wconf 82' lang='lat' dir='ltr'>calamo</span> <span class='ocrx_word' id='word_1_50' title='bbox 536 1614 775 1690; x_wconf 84' lang='lat' dir='ltr'>delineatorio</span> <span class='ocrx_word' id='word_1_51' title='bbox 805 1613 1003 1687; x_wconf 86' lang='lat' dir='ltr'>formatum</span> <span class='ocrx_word' id='word_1_52' title='bbox 1036 1611 1345 1709; x_wconf 86' lang='lat' dir='ltr'>pulchritudinem</span> <span class='ocrx_word' id='word_1_53' title='bbox 1372 1613 1431 1686; x_wconf 85' lang='lat' dir='ltr'>ad·</span> 
     </span>
    </p>
   </div>
   <div class='ocr_carea' id='block_1_3' title="bbox 162 1720 1429 1942">
    <p class='ocr_par' dir='ltr' id='par_1_3' title="bbox 162 1720 1429 1942">
     <span class='ocr_line' id='line_1_10' title="bbox 162 1720 1428 1830; baseline 0.002 -29"><span class='ocrx_word' id='word_1_54' title='bbox 162 1765 166 1777; x_wconf 91' lang='lat'><em>·</em></span> <span class='ocrx_word' id='word_1_55' title='bbox 247 1760 261 1780; x_wconf 59' lang='lat'>¹-</span> <span class='ocrx_word' id='word_1_56' title='bbox 362 1727 553 1830; x_wconf 71' lang='lat' dir='ltr'>ymbrate3</span> <span class='ocrx_word' id='word_1_57' title='bbox 603 1743 684 1812; x_wconf 85' lang='lat' dir='ltr'>aut,</span> <span class='ocrx_word' id='word_1_58' title='bbox 724 1726 893 1824; x_wconf 26' lang='lat' dir='ltr'>fimavgis</span> <span class='ocrx_word' id='word_1_59' title='bbox 916 1720 1063 1826; x_wconf 72' lang='lat' dir='ltr'>placet,</span> <span class='ocrx_word' id='word_1_60' title='bbox 1107 1725 1285 1800; x_wconf 86' lang='lat' dir='ltr'>artificum</span> <span class='ocrx_word' id='word_1_61' title='bbox 1310 1751 1428 1824; x_wconf 84' lang='lat' dir='ltr'>opera</span> 
     </span>
     <span class='ocr_line' id='line_1_11' title="bbox 233 1829 1429 1942; baseline 0 -26"><span class='ocrx_word' id='word_1_62' title='bbox 233 1894 236 1899; x_wconf 88' lang='lat'><em>-</em></span> <span class='ocrx_word' id='word_1_63' title='bbox 332 1829 449 1916; x_wconf 82' lang='lat' dir='ltr'>&#39;aere</span> <span class='ocrx_word' id='word_1_64' title='bbox 471 1842 629 1942; x_wconf 83' lang='lat' dir='ltr'>expressa</span> <span class='ocrx_word' id='word_1_65' title='bbox 659 1843 881 1938; x_wconf 83' lang='lat' dir='ltr'><strong>cognoscite,</strong></span> <span class='ocrx_word' id='word_1_66' title='bbox 914 1856 1079 1921; x_wconf 87' lang='lat' dir='ltr'>veterum</span> <span class='ocrx_word' id='word_1_67' title='bbox 1108 1843 1429 1918; x_wconf 85' lang='lat' dir='ltr'><strong>monumentorum</strong></span> 
     </span>
    </p>
   </div>
   <div class='ocr_carea' id='block_1_4' title="bbox 284 1955 1453 4231">
    <p class='ocr_par' dir='ltr' id='par_1_4' title="bbox 284 1955 1453 4231">
     <span class='ocr_line' id='line_1_12' title="bbox 361 1955 1428 2051; baseline 0.001 -22"><span class='ocrx_word' id='word_1_68' title='bbox 361 1957 534 2051; x_wconf 79' lang='lat' dir='ltr'><strong>reliquias</strong></span> <span class='ocrx_word' id='word_1_69' title='bbox 550 1957 744 2032; x_wconf 85' lang='lat' dir='ltr'>recensete.</span> <span class='ocrx_word' id='word_1_70' title='bbox 803 1955 911 2032; x_wconf 84' lang='lat' dir='ltr'>Multi</span> <span class='ocrx_word' id='word_1_71' title='bbox 929 1955 1112 2051; x_wconf 84' lang='lat' dir='ltr'>fingendis</span> <span class='ocrx_word' id='word_1_72' title='bbox 1127 1977 1172 2030; x_wconf 86' lang='lat' dir='ltr'>ex</span> <span class='ocrx_word' id='word_1_73' title='bbox 1197 1957 1323 2051; x_wconf 80' lang='lat' dir='ltr'>argilla</span> <span class='ocrx_word' id='word_1_74' title='bbox 1343 1955 1428 2032; x_wconf 83' lang='lat' dir='ltr'>fimi·</span> 
     </span>
     <span class='ocr_line' id='line_1_13' title="bbox 360 2067 1426 2166; baseline 0.003 -23"><span class='ocrx_word' id='word_1_75' title='bbox 360 2067 573 2146; x_wconf 85' lang='lat' dir='ltr'>litudinibus</span> <span class='ocrx_word' id='word_1_76' title='bbox 605 2073 779 2166; x_wconf 86' lang='lat' dir='ltr'>omnique</span> <span class='ocrx_word' id='word_1_77' title='bbox 813 2070 977 2166; x_wconf 83' lang='lat' dir='ltr'>plastices</span> <span class='ocrx_word' id='word_1_78' title='bbox 1005 2091 1170 2164; x_wconf 62' lang='lat' dir='ltr'>genere„</span> <span class='ocrx_word' id='word_1_79' title='bbox 1205 2068 1263 2144; x_wconf 88' lang='lat' dir='ltr'>alii</span> <span class='ocrx_word' id='word_1_80' title='bbox 1296 2073 1426 2146; x_wconf 80' lang='lat' dir='ltr'>vitrum</span> 
     </span>
     <span class='ocr_line' id='line_1_14' title="bbox 361 2158 1427 2282; baseline 0.004 -26"><span class='ocrx_word' id='word_1_81' title='bbox 361 2158 570 2280; x_wconf 67' lang='lat' dir='ltr'>lapidemue</span> <span class='ocrx_word' id='word_1_82' title='bbox 597 2196 703 2258; x_wconf 89' lang='lat' dir='ltr'>torno</span> <span class='ocrx_word' id='word_1_83' title='bbox 725 2196 911 2269; x_wconf 86' lang='lat' dir='ltr'>terentes,</span> <span class='ocrx_word' id='word_1_84' title='bbox 944 2185 1032 2258; x_wconf 85' lang='lat' dir='ltr'>ebur</span> <span class='ocrx_word' id='word_1_85' title='bbox 1058 2187 1246 2279; x_wconf 88' lang='lat' dir='ltr'>lignumue</span> <span class='ocrx_word' id='word_1_86' title='bbox 1275 2184 1427 2282; x_wconf 85' lang='lat' dir='ltr'>scalpen-</span> 
     </span>
     <span class='ocr_line' id='line_1_15' title="bbox 359 2287 1453 2396; baseline -0.002 -24"><span class='ocrx_word' id='word_1_87' title='bbox 359 2298 437 2382; x_wconf 57' lang='lat' dir='ltr'>tes,</span> <span class='ocrx_word' id='word_1_88' title='bbox 467 2287 656 2396; x_wconf 81' lang='lat' dir='ltr'>egregium</span> <span class='ocrx_word' id='word_1_89' title='bbox 677 2297 738 2373; x_wconf 83' lang='lat' dir='ltr'>fibi</span> <span class='ocrx_word' id='word_1_90' title='bbox 756 2299 1002 2393; x_wconf 80' lang='lat' dir='ltr'>languoris-et</span> <span class='ocrx_word' id='word_1_91' title='bbox 1025 2300 1205 2375; x_wconf 81' lang='lat' dir='ltr'>socordiae</span> <span class='ocrx_word' id='word_1_92' title='bbox 1228 2301 1426 2376; x_wconf 85' lang='lat' dir='ltr'>remedium</span> <span class='ocrx_word' id='word_1_93' title='bbox 1452 2367 1453 2370; x_wconf 74' lang='grc'>,</span> 
     </span>
     <span class='ocr_line' id='line_1_16' title="bbox 295 2409 1426 2516; baseline 0.003 -30"><span class='ocrx_word' id='word_1_94' title='bbox 295 2508 298 2516; x_wconf 27' lang='lat'><strong><em>¹</em></strong></span> <span class='ocrx_word' id='word_1_95' title='bbox 358 2409 548 2510; x_wconf 76' lang='lat' dir='ltr'>peperere.</span> <span class='ocrx_word' id='word_1_96' title='bbox 613 2415 788 2490; x_wconf 89' lang='lat' dir='ltr'>Nondum</span> <span class='ocrx_word' id='word_1_97' title='bbox 809 2413 992 2510; x_wconf 78' lang='lat' dir='ltr'>musicam,</span> <span class='ocrx_word' id='word_1_98' title='bbox 1022 2415 1184 2492; x_wconf 89' lang='lat' dir='ltr'>diuinam</span> <span class='ocrx_word' id='word_1_99' title='bbox 1201 2413 1295 2489; x_wconf 88' lang='lat' dir='ltr'>hanc</span> <span class='ocrx_word' id='word_1_100' title='bbox 1312 2416 1426 2508; x_wconf 80' lang='lat' dir='ltr'>onmis</span> 
     </span>
     <span class='ocr_line' id='line_1_17' title="bbox 359 2525 1453 2625; baseline 0.005 -26"><span class='ocrx_word' id='word_1_101' title='bbox 359 2525 735 2625; x_wconf 80' lang='lat' dir='ltr'>taedii¹depultticem</span> <span class='ocrx_word' id='word_1_102' title='bbox 767 2541 805 2602; x_wconf 90' lang='lat' dir='ltr'>et</span> <span class='ocrx_word' id='word_1_103' title='bbox 833 2535 1070 2606; x_wconf 84' lang='lat' dir='ltr'>auerrunc&#39;atn</span> <span class='ocrx_word' id='word_1_104' title='bbox 1100 2529 1228 2613; x_wconf 84' lang='lat' dir='ltr'>deam,</span> <span class='ocrx_word' id='word_1_105' title='bbox 1268 2554 1341 2604; x_wconf 93' lang='lat' dir='ltr'>non</span> <span class='ocrx_word' id='word_1_106' title='bbox 1367 2529 1453 2604; x_wconf 69' lang='lat' dir='ltr'>easi</span> 
     </span>
     <span class='ocr_line' id='line_1_18' title="bbox 361 2644 1425 2741; baseline -0.001 -26"><span class='ocrx_word' id='word_1_107' title='bbox 361 2653 478 2729; x_wconf 84' lang='lat' dir='ltr'>artes,</span> <span class='ocrx_word' id='word_1_108' title='bbox 509 2664 708 2741; x_wconf 86' lang='lat' dir='ltr'>quaecum</span> <span class='ocrx_word' id='word_1_109' title='bbox 738 2644 899 2741; x_wconf 85' lang='lat' dir='ltr'>corporis</span> <span class='ocrx_word' id='word_1_110' title='bbox 921 2644 1068 2729; x_wconf 85' lang='lat' dir='ltr'>robore,</span> <span class='ocrx_word' id='word_1_111' title='bbox 1097 2644 1276 2738; x_wconf 82' lang='lat' dir='ltr'>agilitate,</span> <span class='ocrx_word' id='word_1_112' title='bbox 1308 2646 1425 2720; x_wconf 83' lang='lat' dir='ltr'>celeri.</span> 
     </span>
     <span class='ocr_line' id='line_1_19' title="bbox 360 2756 1422 2853; baseline 0.003 -22"><span class='ocrx_word' id='word_1_113' title='bbox 360 2766 437 2831; x_wconf 84' lang='lat' dir='ltr'>tate</span> <span class='ocrx_word' id='word_1_114' title='bbox 460 2770 523 2833; x_wconf 91' lang='lat' dir='ltr'>aut</span> <span class='ocrx_word' id='word_1_115' title='bbox 547 2756 640 2833; x_wconf 90' lang='lat' dir='ltr'>bona</span> <span class='ocrx_word' id='word_1_116' title='bbox 665 2758 883 2835; x_wconf 77' lang='lat' dir='ltr'>valetudine</span> <span class='ocrx_word' id='word_1_117' title='bbox 910 2781 953 2832; x_wconf 84' lang='lat' dir='ltr'>ac</span> <span class='ocrx_word' id='word_1_118' title='bbox 983 2758 1182 2853; x_wconf 82' lang='lat' dir='ltr'>dignitate,</span> <span class='ocrx_word' id='word_1_119' title='bbox 1218 2760 1422 2835; x_wconf 79' lang='lat' dir='ltr'>eoniondae</span> 
     </span>
     <span class='ocr_line' id='line_1_20' title="bbox 357 2864 1452 2968; baseline 0.004 -23"><span class='ocrx_word' id='word_1_120' title='bbox 357 2864 463 2956; x_wconf 79' lang='lat' dir='ltr'>sunt,</span> <span class='ocrx_word' id='word_1_121' title='bbox 499 2868 697 2968; x_wconf 78' lang='lat' dir='ltr'>attigimus.</span> <span class='ocrx_word' id='word_1_122' title='bbox 773 2875 987 2949; x_wconf 83' lang='lat' dir='ltr'>sinautem</span> <span class='ocrx_word' id='word_1_123' title='bbox 1020 2874 1066 2947; x_wconf 86' lang='lat' dir='ltr'>ad</span> <span class='ocrx_word' id='word_1_124' title='bbox 1092 2886 1243 2948; x_wconf 84' lang='lat' dir='ltr'>naturae</span> <span class='ocrx_word' id='word_1_125' title='bbox 1274 2874 1452 2959; x_wconf 78' lang='lat' dir='ltr'>studium</span> 
     </span>
     <span class='ocr_line' id='line_1_21' title="bbox 343 2984 1420 3087; baseline 0.004 -28"><span class='ocrx_word' id='word_1_126' title='bbox 343 2987 507 3061; x_wconf 79' lang='lat' dir='ltr'>&#39;animus</span> <span class='ocrx_word' id='word_1_127' title='bbox 535 2986 630 3062; x_wconf 81' lang='lat' dir='ltr'>bene</span> <span class='ocrx_word' id='word_1_128' title='bbox 655 2987 873 3063; x_wconf 80' lang='lat' dir='ltr'>informatus</span> <span class='ocrx_word' id='word_1_129' title='bbox 904 2990 1047 3062; x_wconf 88' lang='lat' dir='ltr'>delatus</span> <span class='ocrx_word' id='word_1_130' title='bbox 1078 2984 1205 3073; x_wconf 81' lang='lat' dir='ltr'>fuerit,</span> <span class='ocrx_word' id='word_1_131' title='bbox 1242 3012 1420 3087; x_wconf 86' lang='lat' dir='ltr'>nunquam</span> 
     </span>
     <span class='ocr_line' id='line_1_22' title="bbox 353 3099 1420 3199; baseline 0.007 -27"><span class='ocrx_word' id='word_1_132' title='bbox 353 3099 406 3183; x_wconf 66' lang='lat' dir='ltr'>ei,</span> <span class='ocrx_word' id='word_1_133' title='bbox 437 3101 680 3197; x_wconf 82' lang='lat' dir='ltr'>quodetineat</span> <span class='ocrx_word' id='word_1_134' title='bbox 696 3114 759 3177; x_wconf 87' lang='lat' dir='ltr'>aut</span> <span class='ocrx_word' id='word_1_135' title='bbox 777 3100 912 3178; x_wconf 84' lang='lat' dir='ltr'>excitet</span> <span class='ocrx_word' id='word_1_136' title='bbox 927 3102 974 3187; x_wconf 85' lang='lat' dir='ltr'>se,</span> <span class='ocrx_word' id='word_1_137' title='bbox 1004 3101 1123 3177; x_wconf 73' lang='lat' dir='ltr'>deeiie</span> <span class='ocrx_word' id='word_1_138' title='bbox 1139 3104 1282 3199; x_wconf 85' lang='lat' dir='ltr'>poterit.</span> <span class='ocrx_word' id='word_1_139' title='bbox 1344 3105 1420 3191; x_wconf 86' lang='lat' dir='ltr'>Qui·</span> 
     </span>
     <span class='ocr_line' id='line_1_23' title="bbox 361 3211 1423 3323; baseline 0.005 -36"><span class='ocrx_word' id='word_1_140' title='bbox 361 3211 431 3287; x_wconf 85' lang='lat' dir='ltr'>bus</span> <span class='ocrx_word' id='word_1_141' title='bbox 454 3218 681 3312; x_wconf 81' lang='lat' dir='ltr'>voluptatum</span> <span class='ocrx_word' id='word_1_142' title='bbox 711 3229 748 3292; x_wconf 88' lang='lat' dir='ltr'>et</span> <span class='ocrx_word' id='word_1_143' title='bbox 770 3216 1165 3323; x_wconf 31' lang='lat' dir='ltr'>lusuum&#39;honestotum</span> <span class='ocrx_word' id='word_1_144' title='bbox 1192 3216 1423 3313; x_wconf 82' lang='lat' dir='ltr'>generibusst</span> 
     </span>
     <span class='ocr_line' id='line_1_24' title="bbox 360 3330 1422 3433; baseline 0.007 -32"><span class='ocrx_word' id='word_1_145' title='bbox 360 3330 506 3405; x_wconf 84' lang='lat' dir='ltr'>animos</span> <span class='ocrx_word' id='word_1_146' title='bbox 540 3330 676 3405; x_wconf 86' lang='lat' dir='ltr'>vestros</span> <span class='ocrx_word' id='word_1_147' title='bbox 707 3331 996 3433; x_wconf 79' lang='lat' dir='ltr'>adsuefeoetitis,</span> <span class='ocrx_word' id='word_1_148' title='bbox 1042 3332 1152 3407; x_wconf 88' lang='lat' dir='ltr'>Ciues</span> <span class='ocrx_word' id='word_1_149' title='bbox 1177 3334 1323 3429; x_wconf 89' lang='lat' dir='ltr'>optimi,</span> <span class='ocrx_word' id='word_1_150' title='bbox 1361 3335 1422 3431; x_wconf 89' lang='lat' dir='ltr'>pri·</span> 
     </span>
     <span class='ocr_line' id='line_1_25' title="bbox 360 3439 1422 3543; baseline 0.009 -30"><span class='ocrx_word' id='word_1_151' title='bbox 360 3462 463 3516; x_wconf 87' lang='lat' dir='ltr'>mum</span> <span class='ocrx_word' id='word_1_152' title='bbox 479 3446 642 3539; x_wconf 86' lang='lat' dir='ltr'>ingentia</span> <span class='ocrx_word' id='word_1_153' title='bbox 669 3445 772 3520; x_wconf 87' lang='lat' dir='ltr'>vobis</span> <span class='ocrx_word' id='word_1_154' title='bbox 790 3446 836 3520; x_wconf 87' lang='lat' dir='ltr'>ad</span> <span class='ocrx_word' id='word_1_155' title='bbox 861 3462 991 3519; x_wconf 84' lang='lat' dir='ltr'>omnes</span> <span class='ocrx_word' id='word_1_156' title='bbox 1020 3439 1222 3543; x_wconf 84' lang='lat' dir='ltr'>disciplinas</span> <span class='ocrx_word' id='word_1_157' title='bbox 1240 3448 1366 3521; x_wconf 85' lang='lat' dir='ltr'>viatica</span> <span class='ocrx_word' id='word_1_158' title='bbox 1391 3463 1422 3523; x_wconf 86' lang='lat' dir='ltr'>et</span> 
     </span>
     <span class='ocr_line' id='line_1_26' title="bbox 360 3557 1422 3659; baseline 0.006 -28"><span class='ocrx_word' id='word_1_159' title='bbox 360 3557 570 3635; x_wconf 85' lang='lat' dir='ltr'>adiumenta</span> <span class='ocrx_word' id='word_1_160' title='bbox 590 3558 779 3654; x_wconf 79' lang='lat' dir='ltr'>parabitis3</span> <span class='ocrx_word' id='word_1_161' title='bbox 809 3571 885 3634; x_wconf 90' lang='lat' dir='ltr'>tum</span> <span class='ocrx_word' id='word_1_162' title='bbox 911 3560 956 3634; x_wconf 88' lang='lat' dir='ltr'>ad</span> <span class='ocrx_word' id='word_1_163' title='bbox 973 3561 1070 3634; x_wconf 83' lang='lat' dir='ltr'>vitae</span> <span class='ocrx_word' id='word_1_164' title='bbox 1085 3560 1204 3637; x_wconf 80' lang='lat' dir='ltr'>officia</span> <span class='ocrx_word' id='word_1_165' title='bbox 1229 3576 1267 3637; x_wconf 91' lang='lat' dir='ltr'>et</span> <span class='ocrx_word' id='word_1_166' title='bbox 1290 3565 1422 3659; x_wconf 85' lang='lat' dir='ltr'>politio-</span> 
     </span>
     <span class='ocr_line' id='line_1_27' title="bbox 357 3667 1421 3775; baseline 0.006 -27"><span class='ocrx_word' id='word_1_167' title='bbox 357 3694 440 3748; x_wconf 86' lang='lat' dir='ltr'>rum</span> <span class='ocrx_word' id='word_1_168' title='bbox 456 3674 645 3748; x_wconf 89' lang='lat' dir='ltr'>hnminum</span> <span class='ocrx_word' id='word_1_169' title='bbox 661 3688 789 3751; x_wconf 87' lang='lat' dir='ltr'>coetus</span> <span class='ocrx_word' id='word_1_170' title='bbox 805 3667 993 3751; x_wconf 86' lang='lat' dir='ltr'>obeundus</span> <span class='ocrx_word' id='word_1_171' title='bbox 1008 3674 1216 3773; x_wconf 84' lang='lat' dir='ltr'>ampliffima</span> <span class='ocrx_word' id='word_1_172' title='bbox 1235 3678 1421 3775; x_wconf 84' lang='lat' dir='ltr'>conseque·</span> 
     </span>
     <span class='ocr_line' id='line_1_28' title="bbox 356 3785 1420 3889; baseline 0.005 -26"><span class='ocrx_word' id='word_1_173' title='bbox 356 3789 449 3863; x_wconf 86' lang='lat' dir='ltr'>mini</span> <span class='ocrx_word' id='word_1_174' title='bbox 478 3785 667 3885; x_wconf 66' lang='lat' dir='ltr'>praefidat</span> <span class='ocrx_word' id='word_1_175' title='bbox 699 3790 858 3887; x_wconf 89' lang='lat' dir='ltr'>denique</span> <span class='ocrx_word' id='word_1_176' title='bbox 878 3814 1075 3889; x_wconf 83' lang='lat' dir='ltr'>nunquam</span> <span class='ocrx_word' id='word_1_177' title='bbox 1102 3814 1167 3865; x_wconf 81' lang='lat' dir='ltr'>vos</span> <span class='ocrx_word' id='word_1_178' title='bbox 1191 3790 1249 3866; x_wconf 90' lang='lat' dir='ltr'>seu</span> <span class='ocrx_word' id='word_1_179' title='bbox 1273 3790 1420 3869; x_wconf 76' lang='lat' dir='ltr'>desidiae</span> 
     </span>
     <span class='ocr_line' id='line_1_29' title="bbox 357 3902 1420 4003; baseline 0.003 -24"><span class='ocrx_word' id='word_1_180' title='bbox 357 3902 480 3979; x_wconf 85' lang='lat' dir='ltr'>taedio</span> <span class='ocrx_word' id='word_1_181' title='bbox 514 3903 626 3978; x_wconf 72' lang='lat' dir='ltr'>vitius</span> <span class='ocrx_word' id='word_1_182' title='bbox 659 3905 719 3981; x_wconf 82' lang='lat' dir='ltr'>seu</span> <span class='ocrx_word' id='word_1_183' title='bbox 749 3906 934 4003; x_wconf 84' lang='lat' dir='ltr'>inquietae</span> <span class='ocrx_word' id='word_1_184' title='bbox 966 3904 1101 3981; x_wconf 80' lang='lat' dir='ltr'>inentis</span> <span class='ocrx_word' id='word_1_185' title='bbox 1130 3916 1301 4002; x_wconf 85' lang='lat' dir='ltr'>tanquam</span> <span class='ocrx_word' id='word_1_186' title='bbox 1327 3908 1420 3982; x_wconf 77' lang='lat' dir='ltr'>furiis</span> 
     </span>
     <span class='ocr_line' id='line_1_30' title="bbox 357 4018 1419 4120; baseline 0.006 -28"><span class='ocrx_word' id='word_1_187' title='bbox 357 4018 454 4092; x_wconf 75' lang='lat' dir='ltr'>astos</span> <span class='ocrx_word' id='word_1_188' title='bbox 479 4019 525 4093; x_wconf 86' lang='lat' dir='ltr'>ad</span> <span class='ocrx_word' id='word_1_189' title='bbox 548 4019 677 4095; x_wconf 86' lang='lat' dir='ltr'>friuola</span> <span class='ocrx_word' id='word_1_190' title='bbox 704 4032 741 4094; x_wconf 86' lang='lat' dir='ltr'>et</span> <span class='ocrx_word' id='word_1_191' title='bbox 765 4021 901 4105; x_wconf 75' lang='lat' dir='ltr'>futilia,</span> <span class='ocrx_word' id='word_1_192' title='bbox 931 4034 996 4094; x_wconf 85' lang='lat' dir='ltr'>aut</span> <span class='ocrx_word' id='word_1_193' title='bbox 1020 4019 1065 4095; x_wconf 73' lang='lat' dir='ltr'>a&#39;d</span> <span class='ocrx_word' id='word_1_194' title='bbox 1093 4020 1419 4120; x_wconf 79' lang='lat' dir='ltr'>despediffimomm</span> 
     </span>
     <span class='ocr_line' id='line_1_31' title="bbox 284 4131 1419 4231; baseline 0.006 -26"><span class='ocrx_word' id='word_1_195' title='bbox 284 4140 287 4147; x_wconf 86' lang='lat'>&#39;</span> <span class='ocrx_word' id='word_1_196' title='bbox 357 4154 402 4206; x_wconf 81' lang='lat' dir='ltr'>ac</span> <span class='ocrx_word' id='word_1_197' title='bbox 433 4131 795 4227; x_wconf 71' lang='lat' dir='ltr'>contemtifl&#39;tmorum</span> <span class='ocrx_word' id='word_1_198' title='bbox 824 4136 1015 4211; x_wconf 90' lang='lat' dir='ltr'>hominum</span> <span class='ocrx_word' id='word_1_199' title='bbox 1050 4136 1337 4231; x_wconf 84' lang='lat' dir='ltr'>compotationes</span> <span class='ocrx_word' id='word_1_200' title='bbox 1364 4150 1419 4211; x_wconf 87' lang='lat' dir='ltr'>aut</span> 
     </span>
    </p>
   </div>
   <div class='ocr_carea' id='block_1_5' title="bbox 259 4240 1417 4453">
    <p class='ocr_par' dir='ltr' id='par_1_5' title="bbox 259 4240 1417 4453">
     <span class='ocr_line' id='line_1_32' title="bbox 259 4240 1417 4371; baseline 0.003 -49"><span class='ocrx_word' id='word_1_201' title='bbox 259 4243 264 4262; x_wconf 69' lang='lat'>⁸</span> <span class='ocrx_word' id='word_1_202' title='bbox 285 4308 291 4319; x_wconf 84' lang='lat'><em>.</em></span> <span class='ocrx_word' id='word_1_203' title='bbox 318 4278 322 4285; x_wconf 96' lang='lat'>·</span> <span class='ocrx_word' id='word_1_204' title='bbox 357 4240 521 4371; x_wconf 63' lang='lat' dir='ltr'>impuras</span> <span class='ocrx_word' id='word_1_205' title='bbox 542 4248 856 4329; x_wconf 79' lang='lat' dir='ltr'>confabulationes</span> <span class='ocrx_word' id='word_1_206' title='bbox 877 4272 1062 4367; x_wconf 56' lang='lat' dir='ltr'>recudere</span> <span class='ocrx_word' id='word_1_207' title='bbox 1078 4251 1277 4352; x_wconf 75' lang='lat' dir='ltr'>oportebita</span> <span class='ocrx_word' id='word_1_208' title='bbox 1310 4258 1417 4349; x_wconf 75' lang='lat' dir='ltr'>nequo</span> 
     </span>
     <span class='ocr_line' id='line_1_33' title="bbox 411 4370 1413 4453; baseline 0.004 -15"><span class='ocrx_word' id='word_1_209' title='bbox 411 4389 418 4409; x_wconf 68' lang='lat'><em>³</em></span> <span class='ocrx_word' id='word_1_210' title='bbox 1320 4370 1413 4453; x_wconf 81' lang='lat' dir='ltr'>adeo,</span> 
     </span>
    </p>
   </div>
   <div class='ocr_carea' id='block_1_6' title="bbox 0 0 1604 5225">
    <p class='ocr_par' dir='ltr' id='par_1_6' title="bbox 0 0 1604 5225">
     <span class='ocr_line' id='line_1_34' title="bbox 0 0 1604 5225; baseline 0 3"><span class='ocrx_word' id='word_1_211' title='bbox 0 0 1604 5225; x_wconf 95' lang='lat' dir='ltr'> </span> 
     </span>
    </p>
   </div>
  </div>
 </body>
</html>
