3200 5225
569 623 850 644 ”““““““’”““
1164 623 1218 699 27
1227 625 1245 701 s

169 768 207 843 ab
230 768 289 853 iis,
323 767 409 866 poss·
430 766 675 844 sanniffimam
693 769 920 864 religionem,
951 777 1027 855 soto
1050 768 1249 850 voluntatis

170 883 305 967 nostrae
328 899 372 956 et
393 886 539 980 propius
556 907 639 958 cum
662 882 818 969 sensrbus
837 883 1111 976 coniuntlarum
1136 887 1250 966 enimi

170 1001 396 1081 facultatum,
429 1001 831 1096 penesquastamenin
848 999 1019 1086 humanis
1037 1001 1168 1076 animis
1181 1003 1249 1078 im·

172 1116 249 1209 peris
268 1114 505 1201 summeest,
535 1117 591 1187 vis
618 1127 656 1187 et
681 1115 888 1199 emendatio
916 1115 1091 1210 pendeat,
1120 1115 1251 1194 huma-

174 1227 495 1317 nitatisdotsrinas
514 1231 666 1304 omnino
684 1229 831 1311 unicum
851 1228 919 1304 esse
937 1229 1110 1330 studium,
1150 1231 1251 1330 quod

173 1341 235 1417 sue
252 1366 320 1440 per
342 1342 542 1419 senuimus
559 1347 602 1418 ad
623 1344 777 1428 virtutis,
807 1357 905 1420 certe
923 1344 1062 1430 ciuilis,
1082 1357 1120 1420 et
1135 1345 1250 1426 hone-

175 1457 261 1530 statis
284 1482 456 1533 amorem
482 1461 700 1541 accendere,
740 1455 814 1532 saue
832 1457 911 1535 aliis
938 1459 1155 1556 disciplinis,
1186 1462 1248 1536 iis·

177 1594 235 1666 que
267 1572 494 1651 sanstiffimis
521 1586 558 1650 et
592 1570 821 1669 grauissimis,
869 1596 953 1664 ¹erun
979 1574 1090 1650 veluti
1121 1577 1248 1652 dotem

176 1687 283 1781 largiri
305 1686 433 1785 possit,
464 1701 520 1774 vt,
550 1688 719 1787 quicquid
745 1686 795 1764 est
820 1685 966 1767 diuinae
989 1687 1248 1788 humanaeque

178 1801 359 1888 scientiae,
390 1827 464 1880 nou
490 1803 610 1878 ‘modo
625 1803 816 1880 memoria
853 1798 1185 1898 comprehendatur
1208 1798 1276 1882 et*

177 1914 280 1992 subtili
294 1918 424 1992 iudicii
436 1919 611 2002 ‚acumine
635 1917 895 2015 dispungatur.
925 1939 1053 1994 verum
1079 1919 1189 1994 etiam
1206 1919 1247 1996 in

179 2033 374 2110 animorum
394 2033 601 2118 voluntates
623 2031 772 2118 influat,
803 2055 866 2112 eas
893 2032 1064 2122 animet„
1084 2044 1243 2122 moueat,

179 2147 352 2240 percellat.
701 2162 703 2165 ’

275 2315 319 2390 In
348 2309 552 2410 grauissimo
583 2334 652 2387 nos
678 2311 810 2388 versari
848 2295 1079 2422 argumento¹
1098 2311 1242 2426 videtin

180 2422 276 2500 Ciues
303 2427 562 2525 amantrffimi,
604 2441 641 2502 et
670 2449 777 2523 quam
805 2425 986 2504 vellemus
1015 2424 1129 2502 iotam
1164 2431 1243 2506 eius

179 2541 293 2619 nimiu
312 2547 457 2620 animos
473 2541 608 2618 vestros
625 2542 835 2618 infundere!
868 2535 939 2618 hoc
963 2539 1035 2629 est,
1073 2542 1244 2623 instillare

181 2657 287 2731 ornnis
319 2660 520 2756 voluptatis
539 2682 588 2741 ,ac
614 2660 819 2733 dulcedinis
845 2681 1043 2755 perennem
1065 2658 1159 2757 quasi
1178 2660 1243 2734 ali·

182 2774 459 2862 quemsontem,
490 2796 562 2871 quo
580 2774 766 2875 irrigatum
783 2772 914 2873 petius
934 2772 1088 2847 vestrum
1115 2760 1242 2870 perpess

181 2891 228 2955 tua
241 2889 284 2960 ad
301 2890 418 2964 seram
438 2889 604 2984 quamuis
624 2884 799 2962 senesiam
820 2884 1081 2985 tranquillitate
1091 2886 1241 2972 fruatur,
1347 2934 1351 2943 ·

182 2992 352 3097 nunquam
380 3026 489 3097 aegra
517 3002 684 3099 ignauiae
709 3002 829 3077 taedia
862 3002 1084 3099 experiatur,
1115 3001 1243 3079 nullis·

183 3133 256 3203 que,
286 3116 352 3193 nisr
373 3119 470 3217 puris
492 3131 530 3191 et
560 3117 649 3192 nulli
677 3117 922 3215 poenitentiae
942 3116 1065 3193 locum
1091 3114 1249 3203 datoris,

184 3232 308 3315 gaudiis
329 3246 463 3331 pateat.
523 3232 649 3329 Siqua
674 3245 799 3308 tamen
824 3230 919 3305 vitae
941 3254 1023 3327 pars
1045 3229 1114 3316 eil,
1149 3254 1243 3329 quae

184 3344 297 3419 artium
309 3362 355 3421 et
372 3345 800 3423 litterarum'suauitatem
820 3358 857 3421 et
873 3347 1134 3423 iucunditatem
1147 3346 1243 3423 teile
1264 3416 1267 3421 .

184 3473 218 3525 ac
242 3460 351 3554 plene
378 3462 631 3559 persentiscere
661 3459 789 3559 poffit,
834 3460 1032 3535 iuuenilem
1067 3484 1147 3541 eam
1173 3460 1243 3537 esic

186 3585 304 3660 putate.
367 3578 608 3654 Plurimarum
632 3574 954 3671 pulcherrimarum
982 3598 1101 3652 rerum
1123 3575 1242 3652 sensus

184 3677 214 3753 in
235 3692 363 3765 animis
389 3680 515 3764 nostris
534 3690 663 3772 hebet,
695 3690 753 3765 vbi
778 3691 948 3763 iuuenilis
968 3693 1074 3765 ardor
1092 3681 1241 3775 refrixit,

186 3795 375 3888 Phantafiae
392 3805 513 3879 viuida
539 3806 624 3876 olim
643 3804 699 3879 vis
719 3804 897 3887 exoleuit,
928 3804 1034 3881 froila
1056 3805 1241 3881 interdurn

186 3914 277 3989 rebus
304 3920 462 3993 aduersrs
490 3920 600 3994 animi
619 3919 673 3989 vis
693 3930 731 3992 et
745 3918 861 3994 retusa
878 3918 984 3997 iacet,
1043 3912 1187 4015 Singula
1203 3914 1243 3993 de

186 4027 263 4102 nobis
278 4038 358 4108 unru'
367 4033 578 4149 praedantur
592 4042 708 4108 euntes.
769 4032 1049 4132 Eripurrrr'oros:
1079 4066 1127 4081 -·
1157 4114 1161 4127 Ι

283 4211 357 4285 Sed
387 4234 470 4285 cum
494 4212 533 4286 in
555 4210 753 4285 destinatae
780 4209 866 4284 huic
884 4204 1062 4301 scriptioni
1088 4204 1244 4301 paginae

188 4327 335 4399 extremo
352 4328 516 4421 margine
530 4326 602 4404 iam
620 4327 760 4513 dudunsr
771 4325 1001 4510 hpereemus,
1029 4322 1104 4395 duo
1122 4320 1244 4509 εῗὲιέιίο
