3200 5225
373 635 450 706 xlv
764 603 1048 666 m

358 777 547 878 ¹Possunt
566 785 610 874 in
625 785 691 876 his
720 785 799 876 alia
820 782 900 876 esse
924 789 1094 878 veriora
1114 789 1230 901 aliis,
1265 791 1352 880 hoc
1380 786 1441 880 est

261 943 269 959 ·
371 902 464 1033 neri
497 897 727 1013 similiora,
786 923 915 1021 atque
939 931 988 991 ea
1015 907 1213 1021 amplesti
1240 904 1341 994 licet
1357 932 1440 1019 pro

371 1043 519 1134 vens,
568 1036 619 1104 vt
641 1016 849 1104 neminem
881 1037 1020 1120 tamen
1053 1045 1205 1134 cogam
1230 1018 1274 1106 in
1310 1023 1442 1107 verba

317 1175 319 1180 ¹
369 1133 520 1224 iurare.
610 1130 801 1248 itaque,
835 1133 953 1249 quod
981 1131 1104 1250 saepe
1133 1133 1223 1221 dixi
1250 1152 1294 1221 et
1312 1135 1357 1221 in
1376 1135 1442 1221 his

345 1249 545 1367 ‘'‘quoque
572 1242 887 1333 Prolusronibus
926 1245 1066 1360 passrm
1097 1242 1306 1362 professus
1336 1245 1441 1359 sum,

370 1361 593 1452 meliorem
621 1384 688 1445 res
709 1358 899 1477 antiquas
929 1361 1140 1448 narrandi
1153 1361 1372 1454 „rationem
1399 1363 1443 1449 in

373 1502 429 1564 eo
456 1499 621 1589 ponere
650 1470 804 1581 soleo,
860 1494 917 1560 rt·
935 1494 1031 1560 ante
1057 1500 1147 1561 rem
1179 1475 1442 1590 exploratam

372 1590 477 1680 nihil
489 1585 577 1706 ipse
586 1585 779 1694 statuam,
799 1583 870 1674 sed
882 1587 1143 1703 primo'loco
1159 1588 1443 1677 inaniiorita·

373 1725 462 1794 tem
482 1722 525 1790 et
543 1701 669 1790 fidem
687 1702 923 1811 arreiornm,
943 1701 1016 1820 qui
1034 1702 1172 1820 aliqua
1188 1701 1299 1790 dere
1315 1703 1444 1791 tradi·

374 1821 543 1926 derunt,
573 1817 796 1934 inquiram,
819 1834 910 1900 tum
926 1819 1056 1902 verba
1073 1839 1116 1902 et
1131 1814 1372 1925 sententias,
1393 1841 1444 1905 ex

373 1933 551 2026 istorum
567 1924 928 2038 hominumsensu,
958 1947 1002 2016 et
1019 1953 1072 2015 ex
1089 1931 1253 2042 aetatis,
1272 1957 1335 2046 po
1371 1930 1443 2040 uli,

374 2047 535 2153 sedae,
563 2042 606 2129 in
626 2067 708 2160 qua
725 2039 813 2150 illi,
841 2067 1025 2159 quorum
1048 2043 1140 2132 aera
1154 2045 1225 2131 vei
1242 2043 1311 2131 sen
1333 2044 1444 2132 avel

372 2161 492 2252 diua
502 2173 809 2263 memorantur,
836 2155 999 2268 vixere,
1014 2158 1144 2270 genio
1164 2158 1441 2274 interpreter:

373 2275 557 2390 eumque
591 2297 769 2359 morem¹
793 2297 874 2358 nee
910 2269 1047 2357 minus
1082 2271 1126 2360 in
1156 2269 1441 2392 antiquiffimis

373 2393 525 2494 rebus,
562 2384 697 2504 iisque
717 2386 919 2473 aetatibus
947 2411 1051 2500 quas
1064 2385 1273 2499 mythicas
1299 2383 1444 2502 appel·

374 2503 488 2611 iant,
505 2573 507 2578 .
526 2493 772 2586 seruandum
802 2494 882 2586 eise
902 2496 1066 2609 censui,
1095 2519 1147 2587 vr
1160 2500 1205 2586 in
1221 2495 1353 2616 ipsam
1376 2501 1443 2590 he·

373 2642 499 2707 rourn
518 2614 651 2701 vitam
669 2638 737 2699 me
754 2611 1018 2721 insinuarem,
1047 2639 1245 2702 unacum
1263 2609 1442 2733 iisquasr

373 2729 465 2848 ipse
483 2728 708 2844 degerem,
737 2752 885 2814 eorum
909 2752 1098 2838 morem,
1137 2724 1317 2838 sensum,
1349 2729 1442 2861 opi·

257 2891 260 2896 ·
371 2848 570 2951 nionem,
605 2840 848 2950 induerem,
892 2868 1076 2959 cumque.
1094 2842 1160 2929 his
1183 2840 1353 2930 tandem
1383 2841 1443 2951 rd,

372 2958 495 3079 quod
510 2953 854 3046 verisimillimum
869 2952 984 3065 esset,
1011 2958 1126 3057 (nam
1141 2982 1289 3045 verum
1323 2952 1445 3074 qnod

372 3068 575 3163 assensum
601 3067 690 3157 aliis
720 3087 845 3156 extor
877 3096 975 3157 uere
1055 3068 1141 3181 ssrt,
1176 3070 1273 3157 inue
1313 3068 1445 3185 'gatu-

375 3214 470 3279 rum
494 3210 563 3271 me
587 3178 690 3292 esse,
734 3096 907 3297 prorsqus
926 3183 981 3271 de
998 3209 1107 3300 pero
1122 3183 1168 3291 ,)
1192 3178 1443 3301 assequerer,

373 3300 490 3391 idem
509 3296 598 3386 anis
622 3295 940 3385 diiudicandum
961 3297 1267 3416 relinquerem,
1302 3295 1444 3419 srquis

373 3415 499 3507 aliter
510 3410 736 3525 statueret,
776 3438 915 3529 aequo
939 3414 1085 3501 animo
1108 3407 1277 3498 serrem.

371 3659 378 3679 ··
420 3675 425 3684 “
485 3638 714 3750 Ceterum,
738 3636 844 3727 dum
862 3635 960 3726 istas
987 3635 1161 3732 diuersis
1179 3639 1445 3755 temporibus

352 3776 422 3847 et
442 3756 486 3845 in
506 3784 550 3841 m
636 3780 660 3842 a
684 3779 824 3843 rerum
847 3749 1120 3875 casuumque,
1159 3753 1232 3871 qui
1264 3776 1343 3870 per
1364 3753 1445 3839 hos

305 3924 314 3943 ,.
373 3896 509 3962 annos
522 3896 583 3987 pu
612 3867 692 3955 lice
715 3867 1000 3986 priuatimque
1013 3866 1274 3976 inciderunt,
1300 3863 1447 3954 vicissi-

374 3985 523 4083 tudine
540 3981 715 4099 scriptas
731 3981 1111 4070 commentationes
1127 3981 1279 4069 iterum
1293 3979 1459 4067 ordine

374 4098 662 4219 perlegerem,
678 4150 680 4163 ι
697 4120 787 4185 non
809 4095 980 4183 inficior
1005 4121 1205 4209 magnum
1232 4120 1302 4180 me
1325 4093 1458 4184 volu-r

410 4213 507 4301 tatis
524 4208 709 4299 frudum
734 4204 969 4327 percepisse
987 4233 1039 4295 ex
1054 4236 1135 4315 e0,
1169 4206 1305 4326 quod,
1337 4230 1445 4326 quae

374 4239 609 4421 fiunem
634 4324 895 4422 incrementa
910 4390 914 4399 -
925 4346 1006 4441 per
1027 4322 1182 4438 viginti
1208 4323 1290 4410 hoe
1311 4342 1449 4521 apnpp

378 4466 387 4521 ’.
1356 4460 1380 4523 a
1447 4471 1457 4491 ‘¹
