3200 5225
186 674 212 750 fi
231 698 373 771 genera
390 677 500 766 luxus
515 677 577 752 len
601 677 736 776 publici
757 678 818 752 seu
841 677 972 772 priuati
995 704 1018 756 a
1043 679 1171 756 nostris
1192 681 1256 758 ab·

186 792 382 866 horrentia
409 797 576 886 cogites,
614 804 655 866 vt
686 793 725 866 in
753 791 999 870 aedilitiorum
1031 797 1257 893 publicorum

186 908 429 981 multitudine
444 921 485 980 et
497 909 770 1001 magnitudine,
789 909 826 982 in
844 911 986 1006 pompis
1001 909 1125 995 sacris,
1149 912 1186 986 in
1203 911 1258 986 lu·

186 1021 279 1105 dis,
316 1025 355 1096 in
383 1021 539 1106 balneis,
574 1025 620 1122 in.
633 1024 829 1117 vnguentis
855 1038 893 1096 et
921 1021 968 1098 lic
999 1045 1124 1119 porro;
1177 1037 1260 1102 rtut

188 1136 321 1210 onusta
343 1138 453 1210 luxus
474 1159 608 1232 genera
626 1139 854 1212 conueniunt
867 1139 963 1212 inter
976 1139 1012 1212 le
1035 1143 1073 1214 in
1099 1138 1259 1238 eoquod

191 1249 377 1336 efficiunt,
394 1263 435 1326 rt
450 1253 683 1348 seruientium
703 1251 862 1334 miseria,
892 1253 1156 1328 dominantium
1172 1279 1261 1330 con·

191 1367 347 1439 tumelia
379 1389 496 1464 remp.
526 1367 673 1462 perdat,
710 1367 921 1464 perditaque
942 1367 1005 1442 illa
1027 1391 1086 1442 res
1108 1370 1259 1446 tandem

193 1503 243 1552 en
266 1481 412 1569 redeat,
437 1498 477 1556 vt
500 1481 547 1554 ad
566 1483 717 1565 rudem,
742 1481 903 1576 asperam
928 1501 965 1556 et
979 1485 1179 1560 immanem
1205 1483 1260 1558 vl·

192 1604 270 1668 tani
288 1595 468 1668 relabatur
486 1595 546 1669 len
563 1595 685 1691 populi
707 1595 769 1668 len
788 1597 1053 1690 prouinciarum
1076 1597 1258 1682 conditior

196 1710 298 1781 euius
316 1712 369 1786 rei
397 1711 606 1806 exemplum
630 1707 945 1788 luculentissimum
976 1707 1153 1786 babemus
1187 1713 1260 1787 lta·

194 1821 281 1896 liam
301 1847 366 1920 per
389 1848 433 1899 ea
456 1837 639 1920 tempora,
679 1828 772 1920 quae
805 1825 899 1898 inter
925 1823 1071 1921 antiqua
1102 1838 1139 1900 et
1163 1847 1260 1902 noua

195 1937 316 2012 media
337 1938 429 2014 lunt.
457 1930 527 2039 (cf.
545 1937 678 2013 Denirm
698 1938 741 2016 V.
760 1937 805 2014 cl.
830 1939 872 2017 Τ.
888 1939 947 2016 lV.
964 1963 999 2038 p.
1019 1960 1106 2032 ipe.
1128 1934 1201 2040 lq.)

305 2169 481 2262 Magnam
508 2157 722 2242 eruditionis
747 2167 901 2272 speciem
925 2164 1060 2242 habere
1095 2167 1203 2252 solet,
1234 2165 1260 2242 li

200 2289 320 2384 vetera
337 2306 456 2357 rerum
475 2283 586 2378 pretia
606 2282 651 2354 ad
668 2279 821 2354 nostram
842 2281 1033 2377 pecuniam
1057 2281 1260 2367 referimus.

200 2409 253 2480 et,
280 2398 549 2496 comparatione
570 2395 681 2478 falla,
707 2421 753 2469 ex
775 2395 819 2470 iis
840 2385 1031 2472 de‘rerum
1059 2397 1181 2494 pretiis
1199 2395 1261 2472 leu

198 2509 330 2594 insania
355 2513 415 2586 seu
435 2511 585 2596 vilibus,
615 2523 679 2584 aut
702 2510 749 2584 de
767 2509 1011 2606 impensarum
1034 2512 1175 2586 modica
1201 2508 1262 2586 vel

199 2626 393 2701 immodica
413 2627 569 2724 summa,
588 2627 634 2699 de
649 2626 786 2700 diuitiis
794 2626 862 2701 ‘vel
886 2638 1114 2725 paupertate,
1132 2624 1261 2725 opibus

200 2742 256 2815 vel
272 2741 415 2839 inopia,
444 2741 584 2816 luxurie
601 2739 659 2814 vel
679 2738 906 2834 frugalitate,
937 2740 1149 2817 iudicamus.
1194 2736 1261 2813 At-

200 2856 258 2951 qui
274 2879 424 2931 omnem
439 2856 539 2929 illam
561 2854 845 2929 aestimationem
872 2853 1046 2928 lubricam
1062 2875 1262 2952 parumque

199 2983 332 3056 tutam,
352 2970 569 3069 plerumque
582 2968 704 3043 falsam
739 2980 809 3043 aut.
830 2989 1039 3054 erroneam,
1066 2962 1135 3044 esse
1163 2966 1262 3065 equi·

177 3072 181 3079 ’
201 3086 282 3161 dem
299 3079 525 3182 compertum
546 3082 664 3157 baben
685 3072 738 3181 *).
795 3080 956 3159 Parcitas
981 3084 1080 3159 enim
1104 3084 1162 3158 vel
1185 3083 1262 3158 vili·

201 3213 255 3298 tas
287 3202 428 3296 argenti
465 3198 541 3273 auri
565 3199 730 3292 aerisque
755 3196 1003 3272 incredibilem
1028 3200 1065 3272 in
1089 3195 1148 3272 his
1178 3196 1264 3274 facit

203 3316 493 3412 discrepantiam,
536 3325 600 3398 vt,
638 3310 733 3407 quod
760 3314 873 3386 numo
903 3312 1012 3386 modo
1043 3314 1159 3398 venit,
1192 3313 1264 3388 alio

203 3440 367 3528 tempore
385 3440 423 3504 et
440 3427 521 3501 loco
533 3426 704 3501 drachma
725 3440 879 3503 ematur.
938 3426 1186 3505 Prouentuum
1199 3428 1264 3502 ita·

204 3568 273 3641 que
297 3544 400 3642 copia
427 3541 486 3617 vel
507 3542 646 3638 inopia,
679 3543 889 3639 reditusque
914 3565 960 3615 ex
982 3564 1088 3636 agro,
1121 3564 1264 3638 compa·

203 3658 268 3734 rati
291 3681 374 3735 cum
393 3656 582 3731 hominum
600 3652 873 3737 necessitatibus,
904 3652 1087 3751 expensis,
1117 3653 1265 3731 affluen-

204 3775 283 3858 tia,
302 3773 522 3870 paupertatis
540 3770 598 3843 vel
624 3762 834 3843 diuitiarum
857 3766 1041 3845 arbitrium
1060 3768 1187 3845 iustum
1211 3764 1230 3843 f
1247 3808 1264 3830 ·

205 3880 462 3987 cere'pollunt,
492 3910 566 3961 non
581 3883 799 3959 talentorum
824 3883 883 3957 vel
901 3879 1080 3962 minarum
1102 3880 1262 3959 nomina.

763 3996 796 4073 R
834 4020 850 4086 5
1088 4022 1091 4033 ·
1147 3994 1265 4083 Quam

242 4190 301 4273 vl)
322 4140 542 4251 Emendatlorr
571 4183 720 4247 nonnulla
752 4182 836 4259 dedi,
853 4204 892 4251 ex
913 4182 974 4253 hoc
1001 4200 1116 4267 genere
1136 4181 1170 4249 in
1190 4180 1269 4269 lpsre

315 4271 544 4354 Prolnlionibua
560 4289 654 4354 quarn
666 4267 742 4335 olim
760 4278 848 4333 erant
861 4262 1014 4351 'erpretl'n
