3200 5225
380 615 456 688 340
763 619 1043 644 --,---

233 864 236 873 .
269 851 274 866 „
380 790 423 841 ac
442 747 778 864 percipiendarum
791 725 941 858 frugum
968 775 1082 838 artem
1105 732 1317 876 q'nor'rio'do
1307 733 1421 843 ιιιιιι

379 881 483 956 initio
498 880 585 956 inde
600 878 747 957 adfuille
766 866 904 964 stetim,¹
934 891 1016 954 cum
1034 883 1154 992 omnis
1171 879 1330 956 hdlorrae
1347 881 1386 955 li
1370 885 1419 956 des

373 995 490 1081 desit,
528 1016 683 1090 cumque
707 996 921 1095 populorum
949 1009 1015 1068 ιιι
1035 985 1143 1070 unius
1160 982 1299 1095 populi,
1323 998 1418 1092 quiin

169 1066 173 1137 Τ
248 1075 270 1154 ’-
378 1109 450 1193 illis
476 1109 582 1184 tetris
606 1108 651 1184 ad
681 1105 935 1210 agriculturam
963 1103 1147 1220 progrelld'
1168 1105 1228 1195 fit,
1266 1112 1356 1206 antiq
1358 1114 1419 1184 nior

300 1276 303 1280 -
376 1224 554 1298 memoria
569 1218 714 1318 superfit
732 1221 855 1300 nullas
880 1243 966 1294 cum
988 1235 1112 1296 contra
1134 1209 1182 1297 de'
1198 1225 1335 1321 populis
1338 1133 1417 1320 q-Scp

374 1335 474 1411 thiae
488 1335 1047 1432 nomadibusnarratiofrequens
1061 1331 1235 1412 eldiserta
1252 1335 1414 1412 occurrat?

375 1450 596 1527 Potuilient
588 1461 709 1547 rtaque
722 1449 903 1525 frumenta
921 1449 1063 1525 siluestri
1075 1435 1230 1562 quidem
1249 1466 1326 1528 ortu
1339 1454 1369 1526 in
1385 1453 1417 1526 iis

356 1645 359 1654 ,
375 1566 514 1640 loeis
479 1565 592 1662 gigni,
623 1585 748 1640 eorum
769 1577 893 1658 tamen
909 1563 1141 1640 serendorum
1156 1580 1194 1642 et
1209 1556 1416 1642 colendorum

373 1680 465 1760 ratio
487 1679 612 1755 multis
636 1677 764 1754 seculis
786 1677 856 1753 elle
882 1676 1071 1775 posterior,
1108 1681 1166 1764 ιι
1178 1681 1217 1756 ιιι
1239 1675 1316 1756 aliis
1337 1679 1415 1784 plan·

373 1795 444 1878 tis,
475 1795 590 1870 aliis
579 1816 618 1869 ιιι
641 1794 750 1878 locis,
781 1793 981 1871 sexcenties
1010 1783 1172 1868 acdidllle
1197 1795 1339 1871 constat
1386 1793 1415 1869 Si

374 1931 462 1982 veto
490 1909 692 1998 humanum
716 1929 834 2011 genus
858 1891 996 1981 diluuio
1029 1907 1203 2000 superstes
1227 1935 1300 1984 non
1329 1931 1415 1982 orme

372 2021 410 2098 in
431 2022 671 2096 interamnam
691 2018 897 2124 planitiem,
938 2021 1034 2095 inter
1055 2021 1190 2118 Tigrim
1223 2037 1260 2098 et
1276 2024 1435 2146 Euphra

370 2148 468 2222 tem,
499 2117 723 2213 descendille
743 2130 893 2220 statuas,
932 2133 991 2209 sed
1016 2131 1212 2232 procellill'e
1235 2154 1364 2237 partem
1383 2105 1435 2209 ιι

369 2251 558 2334 ulteriora,
596 2250 688 2324 alios
718 2228 828 2324 edam
859 2249 905 2322 ad
927 2241 1123 2326 orientales
1144 2241 1288 2348 plagas,
1317 2265 1351 2328 et
1370 2251 1414 2325 ln·

370 2365 470 2472 diam
486 2364 608 2438 serlus
620 2364 729 2438 latius
745 2361 932 2445 ιιιιιιιιιιει
964 2375 1037 2438 noo
1055 2363 1202 2460 quidem
1224 2363 1415 2498 repugpabi

370 2463 473 2561 must
497 2476 522 2552 ιι
541 2490 664 2552 tamen
682 2499 747 2574 per
766 2477 892 2572 aspera
899 2489 937 2552 et
951 2468 1123 2556 oontinua
1144 2483 1323 2558 montium
1339 2479 1414 2572 luga,

368 2594 507 2691 aliquot
524 2593 689 2669 centenis
705 2591 865 2667 millibus
881 2591 1072 2689 passuum
1062 2597 1192 2674 itinere
1210 2599 1410 2675 continuato,

366 2707 558 2783 hominum
583 2708 753 2801 exiguam
774 2704 916 2781 turbam
944 2707 990 2781 ad
1016 2706 1198 2784 altiffimos
1229 2712 1327 2798 illos,
1366 2707 1412 2803 qni

365 2824 518 2901 Sibiriae
536 2821 629 2896 fines
646 2823 801 2905 faciunt,
836 2836 980 2895 montes
997 2819 1112 2897 statim
1130 2823 1329 2923 properasse
1347 2846 1434 2911 con·

366 2940 514 3022 tendas,
545 2937 642 3009 vnde
661 2936 910 3009 namnetum
932 2933 1038 3033 stirpe
1054 2936 1176 3013 denuo
1195 2942 1360 3037 prodiret,
1384 2912 1434 3009 id

363 3074 470 3136 vero,
500 3050 559 3125 vel
575 3049 750 3124 historicis
765 3049 990 3144 argumentis
1015 3052 1215 3145 probatum,
1244 3053 1410 3131 vixlidem

363 3177 606 3260 extorqueret.
652 3164 872 3239 Chaldaica
863 3178 984 3261 itaque
1000 3162 1108 3250 lama,
1135 3191 1245 3265 quam
1262 3170 1306 3242 ab
1314 3166 1434 3245 Abra

361 3278 472 3353 hamo
494 3280 539 3353 ad
555 3276 768 3375 posteritatis
791 3284 1004 3352 memoriam
1030 3282 1207 3377 proditam
1231 3282 1349 3358 Moses
1371 3256 1434 3353 ιι
1433 3320 1434 3380 q

361 3396 432 3467 cris
452 3392 582 3467 litteris
608 3390 850 3484 cousrgnauit,
878 3390 940 3489 ipsi
959 3393 1078 3467 retum
1100 3409 1252 3471 naturae
1275 3422 1317 3472 ac
1339 3392 1410 3469 fidet

360 3508 420 3582 vel
444 3506 602 3580 maxime
627 3507 868 3591 consentanea
892 3504 943 3579 est
966 3509 1054 3591 etin
1075 3508 1164 3592 hoc,
1194 3514 1292 3609 quod
1308 3528 1409 3586 raram

360 3634 397 3695 et
420 3619 603 3694 imbellem
629 3620 819 3695 hominum
845 3619 1006 3704 turbam,
1043 3624 1212 3701 omnibus
1242 3628 1334 3703 vitae
1358 3616 1433 3697 noi

359 3734 574 3810 ceffitatibus
608 3732 842 3819 destitutam,
901 3734 940 3809 ιιι
975 3738 1161 3835 planitiem
1199 3734 1433 3839 camporum

355 3872 489 3946 magna
515 3847 693 3925 fantinum
719 3847 996 3947 plantarumque
1026 3849 1288 3931 esctilentarum
1317 3852 1433 3948 copia

353 3966 615 4048 abundantem,
643 3962 805 4037 maluille
833 3964 1071 4051 descendere,
1109 3990 1217 4063 quam
1236 3970 1357 4068 aspera
1373 3984 1408 4039 ao

353 4083 524 4186 continua
542 4077 720 4153 montium
741 4076 828 4174 iuga
850 4077 968 4175 sequi,
995 4079 1186 4160 verisrmile
1207 4082 1266 4158 est.
1432 4120 1433 4194 p

450 4196 501 4269 Si
519 4218 588 4289 qua
603 4191 644 4267 fit
665 4207 770 4275 terra,
800 4212 893 4287 quae
910 4192 1043 4289 primas
1061 4192 1149 4272 srbi
1139 4221 1176 4271 m
1192 4219 1327 4293 genere
1347 4194 1405 4269 hu·

345 4328 458 4383 mano
482 4308 614 4387 alendo
637 4330 681 4384 ao
696 4290 898 4385 antomon
926 4322 1069 4407 partes,
1111 4313 1318 4411 primasque
1341 4309 1404 4383 fru-

1318 4442 1399 4521 gum
