3200 5225
259 627 416 715 „⁶⁶
573 604 576 611 ·
755 584 1040 655 ξε

362 775 1155 889 labritat‘em‘cnnsenuendamnecessariaesta
1185 783 1452 887 quaestinon-

364 908 435 993 tiar
452 930 585 982 cuma
604 907 791 1002 nonnullis
813 905 1034 1003 peripeftum
1054 902 1157 989 esset,
1189 906 1366 1001 quantam
1385 906 1452 981 iiia

365 1023 440 1098 rim
471 1021 517 1096 ad
545 1022 744 1097 litterarum
771 1033 808 1094 et
839 1021 969 1094 artium
996 1018 1121 1093 antius
1154 1020 1451 1096 etincrementa

365 1136 548 1221 haberets
575 1148 615 1209 vt
644 1135 755 1209 eriam
782 1132 890 1208 luxus
915 1120 998 1209 'fere
1029 1134 1158 1207 eodem
1193 1132 1451 1209 'comantibus

367 1250 483 1346 greiiu
499 1251 702 1336 incederet.
734 1249 839 1333 hinc,
870 1250 969 1345 quod
993 1249 1057 1327 alii
1074 1247 1251 1332 libertati,
1279 1246 1321 1321 id·
1337 1246 1379 1322 hi
1400 1248 1452 1321 lu·

333 1381 339 1391 ’
367 1365 429 1440 xui
445 1364 602 1440 tribuere
621 1364 850 1445 maluerunt,
879 1376 919 1436 vt
934 1352 1240 1437 huius'beneficid
1265 1374 1369 1435 artes
1396 1386 1450 1437 re·

369 1478 485 1555 creari
499 1492 537 1552 et
552 1478 712 1553 adiuuari
729 1477 903 1551 dicerent.
963 1478 1144 1575 Nimirum
1158 1477 1195 1551 in
1208 1472 1399 1577 repxbene
1416 1486 1450 1552 et

234 1638 236 1642 ν
265 1601 270 1614 “
370 1592 739 1699 sapienter'deieripta
758 1580 1013 1679 etconstituta
1043 1614 1108 1665 eae
1135 1590 1335 1664 multorum
1358 1612 1448 1689 opes

232 1736 246 1804 j
368 1719 407 1785 et
422 1708 588 1783 fortunae
606 1708 697 1792 iant,
727 1719 765 1781 vt
779 1706 805 1781 ii
823 1704 1016 1804 parotium
1033 1700 1448 1801 etremiffionemagra·

366 1814 527 1922 eioribna
541 1822 638 1897 curis
655 1821 700 1895 ad
716 1820 797 1905 alia,
828 1841 921 1916 quae
935 1820 1122 1915 ingenium
1141 1814 1325 1904 veilicant,
1352 1820 1447 1895 exci-

366 1948 457 2023 tant,
485 1936 599 2021 alunt,
626 1945 770 2019 ornant,
794 1933 991 2009 transferre
1003 1930 1130 2031 poiirnt
1143 1953 1247 2013 curas
1263 1946 1303 2007 et
1318 1932 1444 2019 studia,

365 2054 479 2148 rtqde
498 2049 609 2133 aliun,
629 2065 657 2121 ‘a
674 2046 803 2142 quibus
821 2043 1031 2145 proficiant-5
1059 2046 1233 2129 secum-in
1245 2044 1448 2124 ’contuber-

366 2164 429 2245 nio
444 2163 598 2247 babere,
621 2152 759 2235 'artium
787 2180 897 2259 opera
921 2176 959 2236 et
980 2155 1180 2237 litterarum
1208 2160 1446 2261 instrumenta

245 2323 256 2336 κ
369 2289 636 2379 apparatusque
653 2272 790 2374 *poiirnt
816 2298 960 2373 putarer
997 2275 1208 2351 interhaec
1238 2296 1370 2353 eorum
1400 2278 1446 2353 ci·

276 2463 279 2482 ‚
366 2394 466 2469 rium
487 2414 563 2467 non
577 2392 732 2472 omuino
755 2391 854 2466 nulla
870 2393 960 2465 ratio
978 2388 1196 2509 habebitur,
1233 2390 1294 2487 qui
1326 2390 1444 2489 fingu-

365 2507 434 2583 iari
458 2506 577 2604 aliqua
602 2506 688 2579 dote
716 2506 751 2581 se
778 2506 1059 2590 commendant.
1106 2516 1170 2580 aut
1192 2506 1326 2601 aliqua-
1342 2532 1455 2604 orae·¹

231 2722 242 2727 -
295 2636 297 2639 ’
366 2618 494 2698 stantia
512 2621 723 2704 excellunt,
760 2641 883 2716 eaque
907 2621 952 2692 ad
974 2615 1219 2718 ‘pulcherrima
1245 2633 1283 2695 et
1303 2621 1441 2698 summa

367 2759 535 2836 quaeque
557 2734 761 2834 formantur
784 2744 823 2808 et
843 2730 1095 2828 instituunturr
1126 2759 1168 2809 ea
1192 2737 1314 2832 itaque
1341 2738 1442 2834 inge·

279 2876 285 2886 ·
367 2853 461 2937 nia,-
481 2866 635 2949 quorum
657 2845 807 2944 insrguis
826 2839 953 2945 aliqua
981 2836 1037 2923 vis
1060 2863 1098 2925 et
1116 2850 1350 2944 magnitudo,
1382 2863 1442 2926 aut

367 2965 603 3066 praecipuum
625 2985 781 3039 acumen
803 2971 840 3036 et
857 2963 1024 3037 eminens
1040 2961 1221 3060 elegantia
1237 2963 1441 3063 deprehen·

321 3083 326 3092 “
367 3081 494 3166 ditur,
537 3077 677 3154 honore
715 3089 755 3153 et
791 3076 977 3152 laudibus·
999 3073 1267 3162 ornabuntur„
1300 3080 1453 3164 fauores

254 3213 257 3225 ·
369 3191 517 3294 plausu„
548 3191 806 3297 benduolautia
826 3193 1069 3301 excipientura
1099 3213 1172 3291 qun
1194 3193 1453 3292 exempinalii

308 3358 312 3369 ·
369 3308 566 3406 cupiditate
581 3303 859 3395 ,existimationis
881 3319 919 3381 et
941 3306 1088 3404 gloriae·
1102 3305 1363 3396 incendentur,
1402 3321 1440 3385 vt

367 3432 405 3498 et
422 3416 485 3518 ipsi
509 3411 656 3518 ingenia
683 3433 816 3498 acuant
846 3432 884 3494 et
915 3421 1064 3520 poliant.
1122 3423 1299 3500 potemur
1322 3425 1362 3499 in
1380 3423 1439 3500 his

366 3535 455 3620 effe,
475 3535 546 3631 ¹qui
573 3536 740 3610 fortunae
770 3533 885 3630 copiis
915 3531 1073 3611 destituti
1099 3559 1164 3623 eo,
1195 3558 1266 3636 quo
1285 3545 1438 3616 conten·

363 3650 477 3737 dunt,
500 3671 572 3723 non
596 3648 914 3746 faciteperuentre
934 3646 1081 3745 poffint'r
1112 3651 1299 3729 enimuero
1325 3653 1437 3732 inter·

358 3871 580 3980 prdfuiinne,
610 3901 831 3954 raroeorunr
849 3879 1149 3978 magnanimitate
1161 3893 1198 3956 et
1208 3881 1435 3970 liberalitate,

218 4029 224 4034 ⁴
279 4086 283 4095 Ι
349 3992 577 4094 'pierumque
592 3993 859 4088 ingeniosorum
872 3993 1065 4069 huminum
1082 3996 1279 4074 constantia
1300 4007 1435 4096 etper.

361 4107 573 4192 vicacitau,
598 4107 770 4194 edicitur,
800 4122 841 4181 vt
857 4133 905 4181 ne
926 4108 1072 4203 ingenia
1104 4111 1259 4208 egregiis
1282 4125 1435 4190 naturae

303 4212 507 4296 ''duibus
539 4224 749 4320 conspicua,
793 4223 913 4316 inopia
946 4237 983 4297 et
1013 4221 1227 4302 obscuritate
1257 4227 1434 4328 oppressa,

241 4429 245 4434 .
358 4334 524 4436 neglecta
544 4352 582 4413 et
602 4349 787 4416 contemta
812 4337 972 4423 iaceant,
1008 4336 1067 4414 ied
1084 4343 1129 4415 ad
1146 4359 1226 4416 eam
1252 4339 1435 4439 praestan·

364 4481 368 4493 =
1340 4454 1431 4532 tiam
